2970 4950
642 433 873 490 PRAEFATIO.
1269 431 1313 487 XI

200 615 463 681 monasteriorum
475 615 701 681 Marbaceusis
717 622 746 681 et
757 615 1061 681 Suarceudaueusis
1070 636 1170 697 prope
1186 613 1314 681 Colmar

200 705 237 769 iu
252 703 383 769 Alsatia
405 703 566 787 superiore
588 704 721 769 sitorum
743 703 822 769 dicit
843 726 908 769 uou
932 707 968 770 de
991 725 1047 770 suo
1065 703 1234 784 addidisse,
1258 706 1314 768 sed

200 814 238 858 eu
261 792 362 858 libello
384 795 519 874 quodam
542 792 766 874 deprompsisse
776 793 801 874 1,·
829 792 880 857 bis
908 792 993 858 euim
1016 793 1057 857 R.
1076 793 1236 858 Wilmaus
1259 794 1312 857 ad-

200 884 311 947 ductus
340 888 418 962 erat,
447 887 483 946 ut
505 888 600 946 totam
628 880 796 947 Orouicam
819 883 969 946 mouacbo
991 881 1200 947 Marbaceusi
1223 881 1312 946 attri-

169 972 313 1035 sbueret.
361 972 470 1051 Neque
493 977 598 1035 tamem
620 970 787 1052 quisquam
810 972 912 1035 credet
939 970 1031 1035 illum
1052 969 1150 1034 iuitia
1173 969 1312 1035 coeuobii

200 1061 239 1124 ab
262 1082 293 1124 a.
320 1064 414 1123 1090.
438 1061 601 1140 usquead
622 1081 653 1124 a.
680 1064 775 1123 1130.
805 1058 853 1123 oel
868 1059 969 1140 paulo
991 1058 1127 1140 amplius
1150 1065 1311 1139 tractasse,

200 1149 237 1212 de
259 1149 352 1212 rebus
374 1168 431 1212 suo
455 1153 590 1230 tempore
616 1146 732 1212 ibidem
759 1146 855 1229 pestis
884 1146 1012 1212 omuiuo
1040 1146 1166 1211 siluisse
1175 1168 1187 1227 ;
1216 1147 1335 1211 multo>

194 1235 394 1316 probabilius
417 1242 469 1317 est,
494 1237 577 1317 quod
597 1235 765 1300 statuimus
787 1242 943 1301 auctorem
973 1257 989 1301 e
1011 1235 1176 1300 uetustiore
1199 1234 1311 1316 libello,

199 1345 265 1389 uou
287 1331 360 1389 aute
382 1346 414 1388 a.
429 1330 523 1388 1130.
548 1324 732 1406 composito2
748 1324 948 1406 descripsisse
963 1345 1043 1407 quae
1059 1326 1096 1389 de
1110 1323 1313 1389 monasteriis

157 1439 181 1476 10
200 1413 409 1478 Marbaceusi
438 1419 468 1478 et
490 1412 777 1478 Smarceudaueusi
806 1413 907 1478 tradit
935 1413 974 1478 ab
997 1436 1028 1478 a.
1055 1414 1312 1477 1090-11303.

199 1501 303 1582 Atque
327 1502 480 1566 commode
502 1500 626 1583 accidit,
650 1508 685 1566 ut
705 1500 795 1566 illius
817 1501 915 1566 libelli
936 1501 1069 1584 oestipia
1098 1503 1253 1583 quaedam
1275 1501 1313 1566 iu

200 1593 265 1655 cod.
299 1589 504 1655 Eiusidleusi
537 1610 588 1655 ur.
624 1596 701 1671 628,
740 1590 796 1669 fol.
833 1596 883 1654 15.
922 1590 1004 1654 miro
1041 1611 1117 1656 casu
1154 1610 1313 1671 superesse

204 1678 240 1744 0.
264 1679 519 1762 Holder-Epper
541 1699 659 1744 mecum
682 1678 905 1761 beuipuissime
927 1679 1199 1744 commuuicaret4.

307 1767 393 1833 Saue
416 1773 538 1833 tamtum
561 1769 654 1848 abest,
681 1774 717 1831 ut
738 1788 845 1850 uepem
867 1767 1049 1849 scriptorem
1078 1789 1147 1832 cum
1170 1767 1314 1833 coeuobio

156 1881 181 1919 15
200 1855 411 1921 Marbaceusi
433 1863 517 1921 arcte
540 1855 740 1922 couiuuctum
762 1855 872 1937 fuisse,
901 1864 937 1921 ut
959 1856 1065 1938 potius
1087 1877 1156 1920 eum
1178 1856 1314 1935 fratrem

201 1944 326 2010 ordiuis
355 1965 380 2010 s.
404 1944 579 2027 Aupustiui
602 1945 829 2009 Marbaceusis
859 1944 1111 2028 comprepatiom's
1133 1944 1234 2025 fuisse
1251 1965 1314 2026 pro

200 2039 281 2097 certo
297 2033 468 2112 affirmare
485 2033 587 2098 uelim.
627 2034 717 2114 Quod
728 2034 886 2114 probatur
901 2040 931 2098 et
951 2033 995 2097 iis
1009 2054 1089 2115 auae
1104 2053 1142 2098 eu
1156 2033 1314 2097 Beruoldi

193 2121 360 2186 Obramoa
378 2121 529 2187 memoria
544 2121 644 2204 dipuo
663 2121 726 2186 sibi
740 2120 811 2186 uisa
826 2121 1101 2203 transscripserit5
1119 2128 1147 2185 et
1169 2121 1212 2185 iis
1234 2142 1314 2201 quoe

200 2212 238 2275 de
253 2210 520 2276 Marbaceusibus
534 2210 601 2291 ipse
612 2209 764 2275 adiecerit
772 2211 794 2270 ⁶.
822 2209 868 2274 At
882 2217 1039 2275 auctorem
1056 2209 1225 2275 Orouicam
1239 2210 1313 2274 scri-

156 2324 182 2362 20
201 2300 319 2363 beutem
341 2321 406 2363 uou
427 2298 464 2364 iu
487 2298 630 2364 coeuobio
652 2299 870 2380 Marbacemsi,
898 2300 954 2364 sed
982 2298 1018 2364 iu
1040 2298 1230 2363 mouasterio
1252 2298 1313 2362 oir-

198 2386 309 2468 piuum
332 2387 598 2470 Hobeuburpeusi
619 2387 657 2452 iu
679 2393 781 2452 moute
810 2409 836 2452 s.
865 2387 991 2453 Odiliac
1013 2387 1136 2452 coudito
1159 2393 1188 2452 et
1210 2410 1232 2452 a
1254 2387 1313 2452 Re-

201 2475 284 2541 limdi
299 2476 459 2541 abbatissa
477 2478 645 2542 secuudum
661 2497 806 2541 uormam
824 2497 848 2541 s.
863 2475 1037 2559 Aupustiui
1059 2476 1200 2541 restituto
1215 2475 1314 2541 uitam

202 2564 320 2647 depisse
348 2564 386 2629 iu
415 2564 636 2630 commeutario
665 2586 731 2630 meo
760 2564 891 2648 exposui
902 2566 921 2646 ⁷,
944 2565 1036 2630 uisus
1059 2571 1191 2646 praeter
1213 2571 1314 2630 cetera

200 2653 238 2717 iu
260 2653 344 2718 uotis
366 2653 688 2737 Hobeuburpemsibus
709 2675 772 2734 per
801 2659 896 2718 totam
924 2654 1093 2719 Orouicam
1123 2655 1162 2718 ab
1193 2676 1224 2718 a.
1249 2659 1313 2717 674
1414 2687 1420 2699 ·

157 2767 183 2804 u
202 2748 343 2806 -1199,
368 2741 552 2823 dispersis8.
598 2742 769 2822 Utrumque
792 2742 1027 2822 monasterium,
1051 2743 1264 2808 Marbaceuse
1287 2749 1315 2806 et

200 2831 478 2913 Hobeuburpeuse,
502 2830 643 2895 strictius
664 2830 749 2896 iuter
770 2852 802 2895 se
825 2852 966 2896 couueca
988 2838 1062 2896 suut
1090 2852 1128 2896 eu
1150 2851 1210 2912 quo
1232 2831 1314 2896 Her·

202 2918 293 2984 radis
316 2919 477 2985 abbatissa
506 2941 536 2983 a.
564 2925 659 2984 1181.
689 2919 726 2984 iu
754 2918 867 2998 imfimo
889 2926 991 2985 moute
1022 2919 1058 2984 iu
1080 2919 1158 2984 oilla
1185 2920 1314 2985 Truteu·

201 3007 300 3072 lusam
316 3007 574 3089 praeposituram
595 3007 792 3091 repularium
815 3008 1039 3074 cauouicorum
1060 3008 1230 3073 iustitueus
1245 3008 1314 3089 pri·

201 3117 286 3162 mum
297 3096 517 3178 praepositum
532 3117 570 3162 eu
585 3097 796 3162 Marbaceusi
811 3097 940 3163 ecclesia
955 3096 1128 3178 aduocauit,
1144 3096 1313 3176 fratribus,

158 3210 184 3247 30
201 3191 236 3249 ut
258 3184 368 3264 officia
398 3205 493 3251 sacra
524 3185 561 3250 iu
591 3185 720 3251 ecclesia
742 3185 1007 3268 Holeuburpeusi
1037 3187 1236 3265 celebrareut,
1266 3184 1314 3248 iu*

201 3273 315 3354 iuucit,
335 3275 420 3338 duos
444 3295 485 3340 ex
501 3276 674 3339 canonicis
690 3322 698 3337 .
716 3322 723 3337 .
742 3321 749 3337 .
767 3276 1026 3339 ebdomadarios
1049 3275 1085 3336 in
1102 3273 1313 3338 Hohenburo

202 3383 335 3447 semper
366 3364 547 3428 constituit
577 3365 761 3451 servituros
770 3364 792 3424 ⁹.
843 3363 982 3443 Quorum
1011 3363 1092 3426 alter
1122 3361 1312 3439 cronicam,

202 3471 295 3531 quam
319 3451 653 3534 Hohenburgensem
675 3450 842 3515 uomiuare
864 3449 976 3515 debiuc
1006 3449 1116 3530 licebit,
1148 3470 1185 3513 ec
1211 3449 1314 3513 uariis

203 3539 294 3604 libris
315 3539 353 3604 iu
376 3539 560 3605 bibliotheca
582 3538 744 3621 uirpiuum
761 3538 899 3619 audique
914 3537 1048 3604 collectis
1063 3537 1230 3620 dilipeuter
1245 3559 1314 3602 cou-

158 3715 183 3753 35
309 3712 335 3781 1)
361 3714 406 3763 Ad
423 3729 454 3765 ca
471 3728 537 3780 quac
557 3719 703 3780 sequuntur
726 3713 761 3776 cf.
780 3726 870 3767 omnm.
885 3730 916 3780 p.
934 3713 970 3767 86
981 3729 1019 3780 sq.
1072 3714 1101 3779 2)
1124 3712 1164 3776 Cf.
1182 3712 1260 3775 iufra
1278 3713 1315 3762 ad

202 3800 228 3835 a.
242 3786 320 3838 1124.
333 3789 356 3836 ct
369 3786 446 3839 1136.
501 3786 528 3851 3)
552 3785 594 3848 Of.
612 3785 691 3847 iufra
705 3799 734 3849 p.
748 3786 781 3838 37
795 3800 849 3850 sqq.
904 3786 932 3851 4)
954 3783 996 3847 Cf.
1009 3784 1090 3847 iufra
1104 3800 1133 3850 p.
1147 3785 1191 3849 37,
1210 3800 1237 3837 u.
1252 3785 1274 3838 1.
1288 3785 1314 3837 4.

202 3853 229 3922 5)
249 3855 292 3918 Cf.
311 3870 401 3909 comm.
415 3872 445 3921 p.
464 3857 500 3910 84
512 3871 550 3922 sq.
623 3855 651 3923 6)
672 3855 712 3920 Of.
732 3857 859 3922 imprimis
877 3856 913 3906 od
931 3871 956 3909 a.
972 3857 1049 3918 1092,
1064 3872 1093 3922 p.
1113 3856 1155 3912 37,
1175 3856 1206 3905 do
1224 3870 1315 3906 uloma-

200 3928 282 3978 stcrio
294 3926 320 3980 S.
333 3927 444 3991 Georpit
455 3927 528 3992 apud
544 3926 692 3978 Trcismam
699 3942 711 3988 ;
729 3943 754 3980 a.
770 3929 846 3991 1006,
862 3942 892 3992 p.
905 3929 947 3981 39.
961 3942 1028 3992 quae
1040 3927 1077 3977 ud
1088 3925 1193 3978 uerbum
1210 3941 1243 3977 aa
1250 3929 1314 3992 pri-

201 3997 292 4063 uilopio
316 3997 421 4048 Urbani
438 3998 476 4052 Il.
498 3997 656 4064 Moucpoldo
676 4000 806 4063 moptstro
823 3999 885 4049 dato
903 4002 1026 4063 excerpto
1043 4003 1124 4060 suut,·
1149 4012 1173 4050 a.
1188 3998 1264 4051 1183.
1284 3998 1316 4047 de

156 4070 183 4108 40
201 4068 361 4119 Bernhardo
370 4071 524 4135 praeposito
535 4068 714 4122 Marbaceusi.
769 4067 797 4135 7)
811 4068 852 4133 (tf.
865 4083 955 4122 comm.
968 4086 997 4135 p.
1009 4071 1044 4122 87
1053 4084 1108 4134 sqq.
1162 4069 1190 4134 8)
1205 4069 1238 4120 A.
1252 4069 1313 4130 674,

197 4156 227 4205 p.
240 4142 257 4193 3
268 4155 307 4206 sq.
327 4139 358 4190 de
374 4145 448 4204 perite
462 4140 548 4191 Attici
564 4141 647 4203 ducis,
665 4140 696 4189 dc
714 4144 801 4190 castro
813 4139 986 4205 Hobeuburp‚
1005 4140 1035 4189 de
1047 4139 1108 4202 filia
1120 4153 1196 4190 caeco
1209 4137 1315 4198 odilia,-

202 4225 227 4262 o.
239 4212 317 4264 1002.
330 4211 361 4262 do
372 4211 510 4261 uotioitate
522 4210 619 4261 Leouis
632 4210 682 4264 IX.
692 4226 798 4277 papam·
817 4226 842 4262 a.
854 4212 931 4264 1045.
943 4211 974 4261 dc
985 4211 1178 4261 cmisecratr'ouc
1195 4209 1315 4259 ecclcsiae

201 4279 451 4346 Hobcuburpeusis5
471 4297 496 4334 a.
517 4282 593 4335 1180.
612 4282 644 4332 da
660 4281 820 4332 dedicatioue
838 4282 980 4344 inferioris
998 4282 1174 4341 mouasterr'r';
1196 4294 1220 4332 u.
1235 4279 1314 4333 1199.

201 4351 233 4402 de
251 4353 370 4404 lucendio
387 4351 615 4417 Hobeuburpeust.
688 4353 715 4418 9)
737 4351 778 4415 Of.
792 4350 955 4418 Sebocpfltu,
973 4352 1080 4402 Alsatia
1098 4348 1313 4416 diplomaticaI,

63 4490 65 4495 Δ
156 4438 227 4488 4512.
246 4425 307 4478 275.
325 4424 387 4477 282.
406 4427 429 4474 ct
447 4437 536 4476 comm.
555 4439 582 4488 p.
601 4425 643 4477 90.
