2970 4950
157 429 181 482 '8
472 417 656 482 ,ANNALFS
674 417 964 474 MARBAGFNSFS.

34 600 347 668 aaa.1(ar.Lconepapa
366 601 539 652 consecratus
566 600 601 650 et
628 599 759 649 unctus
787 596 859 649 estl
877 595 1038 650 Karolus
1067 597 1285 666 imperator,

163 672 223 740 ipso
243 687 336 739 papa
354 685 483 723 coronam
503 685 614 722 auream
633 667 717 736 capiti
736 666 794 720 eius
811 666 978 735 imponente,
997 667 1025 719 in
1044 667 1129 721 iubilo
1149 668 1238 722 cordis
1258 674 1286 724 et

162 741 217 796 oria
229 741 355 795 Romano
374 741 448 795 clero
467 744 496 793 et
513 739 616 809 populo
635 739 816 792 acclamante:
836 737 949 791 ‘Karolo
968 741 1091 808 augusto,
1108 738 1195 793 aDeo
1207 757 1287 795 coro·

161 816 249 867 nato³
268 822 369 882 magno
388 815 416 866 et
434 809 548 881 pacifico
566 809 726 878 imperatori
743 808 941 875 Romanorum,
960 809 1016 863 vita
1034 814 1062 863 et
1080 810 1217 864 victoria’!

271 903 489 971 lScienduml
520 908 581 980 est,
614 904 705 986 quod
736 903 865 986 primus
896 903 1049 967 omnium
1078 925 1199 988 regum
1228 906 1319 972 vele

161 998 407 1080 imperatorum
444 998 523 1078 post
555 992 685 1057 Christi
719 992 939 1056 nativitatem
972 992 1123 1057 Karolus
1158 998 1285 1059 unctus

162 1089 215 1149 est
245 1085 298 1148 bis
328 1084 497 1166 equidem,
531 1081 641 1166 primo
671 1081 709 1143 in
739 1080 886 1144 Francia
916 1102 995 1145 cum
1024 1081 1133 1146 fratre
1163 1082 1284 1147 Karlo-

162 1194 288 1237 manno
313 1173 427 1237 adhuc
451 1191 537 1254 puer
559 1171 597 1232 in
620 1190 736 1252 regem
747 1169 768 1244 ³,
794 1169 918 1234 deinde
942 1170 1050 1234 Rome
1073 1170 1111 1232 in
1141 1171 1285 1254 impera·

161 1266 272 1326 torem
282 1261 305 1322 4.
353 1261 404 1323 ΕΚ
427 1281 468 1325 eo
491 1279 589 1343 reges
614 1261 649 1323 et
679 1259 903 1341 imperatores
933 1279 1026 1323 more
1058 1260 1193 1343 antiqui
1217 1260 1285 1326 Dei

161 1351 283 1436 populi
306 1349 392 1433 ungi
415 1342 601 1432 ceperunt.l
751 1431 752 1434 Ἴ
1306 1376 1333 1414 10

271 1451 507 1520 lNotandum5
542 1455 657 1530 etiam,
697 1454 789 1536 quod
827 1453 931 1517 huius
969 1454 1118 1518 nominis
1155 1455 1285 1519 tercius

161 1543 437 1620 Valentinianus,
473 1536 558 1608 subb
593 1563 660 1626 quo
690 1543 813 1607 beatus
842 1542 1060 1625 Augustinus
1089 1543 1284 1627 Yponensis

164 1633 285 1697 doctor
300 1632 388 1696 obiit
399 1632 420 1709 ⁶,
437 1632 642 1696 novissimus
659 1634 885 1715 augustorum
900 1631 970 1695 fuit
985 1632 1023 1694 in
1038 1632 1123 1697 urbe
1139 1633 1282 1712 Roma⁷;

161 1724 366 1806 postquem
389 1721 597 1805 Hesperium
622 1719 747 1785 cecidit
770 1740 925 1804 regnum,
951 1723 986 1784 et
1016 1742 1117 1785 nemo
1148 1726 1284 1786 creatus

163 1812 215 1875 est
237 1810 345 1875 Rome
376 1813 545 1894 augustus
574 1829 636 1893 per
665 1829 773 1873 annos
805 1810 941 1873 circiter
964 1809 1204 1874 OOOXLVHI
1231 1832 1283 1874 us·
1305 1837 1330 1877 rs

162 1919 228 1982 que
252 1900 297 1963 ad
320 1898 488 1963 Karolum
512 1893 699 1980 Magnum.¹

31 2005 85 2060 aoy.
96 2011 152 2052 Kar.
269 1999 352 2069 Ipse⁸
377 2000 451 2053 enim
476 1999 580 2067 primus
610 1982 698 2070 [post
719 1983 1035 2051 Valentinianum⁰¹
1062 1998 1172 2055 Rome
1197 2001 1283 2070 impe·

55 2095 58 2100 ·
162 2075 238 2126 rator
256 2075 433 2142 angustus
452 2071 551 2126 extitit.

272 2161 364 2230 lPost
395 2186 495 2249 quem
525 2166 719 2229 Romanum
754 2164 937 2248 imperium
973 2166 1021 2229 cis
1056 2187 1148 2231 mare
1179 2167 1282 2230 Fran·

164 2276 280 2320 corum
304 2254 443 2338 regibus
474 2254 788 2319 administrandum
816 2275 893 2318 cum
918 2255 1041 2318 cesaris
1065 2255 1330 2339 imperatoriam

163 2344 302 2427 augusti
325 2344 464 2408 nomine
489 2343 707 2407 commissum
732 2345 793 2419 est,
818 2362 1016 2425 usquequo
1041 2343 1221 2409 deficiente
1245 2345 1281 2407 in

163 2433 310 2496 Francia
326 2435 361 2496 et
377 2426 588 2497 lacessenred
601 2432 696 2514 regio
712 2431 878 2496 stemate⁹
889 2431 1081 2495 Romanum
1098 2432 1282 2517 imperium
1305 2513 1308 2518 ¹

163 2543 184 2584 a
206 2521 430 2585 Theutonicis
460 2520 673 2604 principibus
705 2520 996 2584 amministratum
1027 2523 1079 2584 est
1110 2542 1217 2604 usque
1244 2523 1281 2585 in

162 2609 368 2673 hodiernum
392 2603 503 2673 diem]

162 2843 184 2895 a)
203 2847 311 2882 coconato
327 2854 344 2882 a.
426 2843 449 2893 b)
468 2843 520 2881 hacc
537 2843 563 2882 da
581 2847 649 2881 morte
664 2844 782 2892 Auyuattni
800 2844 864 2882 rerba
877 2844 980 2883 Crom’cac
994 2844 1171 2893 Hotenouryensr
1189 2845 1282 2890 fortuma
1302 2849 1329 2888 25

161 2896 224 2943 Infra
236 2897 316 2945 (1›‚24,
331 2896 347 2935 l.
360 2896 394 2944 15)
405 2901 457 2944 poet
469 2896 614 2935 Valenttntant
627 2897 675 2936 III.
691 2907 766 2936 noman
779 2898 861 2936 inserta
875 2901 936 2936 crant
949 2901 968 2935 at
982 2909 996 2935 a
1010 2898 1101 2936 ltbrario
1118 2899 1225 2945 n'eooury.
1240 2898 1282 2937 huc

31 2966 33 2970 ⁴
162 2950 271 2988 translata
292 2954 348 2988 eunt.
431 2950 450 3000 c)
472 2953 523 2999 post
541 2950 725 2991 Valentinianum
746 2962 760 2989 a
777 2951 869 2990 librario
889 2951 996 2999 Nectum.
1016 2951 1113 2990 additum
1119 2963 1128 2999 ,-
1145 2952 1168 2989 tn
1187 2950 1281 2990 Orontea

57 3012 60 3022 ··
160 3003 340 3052 Hohanburocnar'
358 3006 382 3040 ut
399 3003 423 3041 ἐκ
436 3003 537 3052 Leqanda
555 3014 584 3042 ex
598 3004 691 3043 Francis
710 3005 743 3043 val
761 3014 789 3044 ex
803 3005 949 3052 Francigenls
967 3004 1005 3051 (cs.
1023 3015 1091 3052 cupra
1104 3017 1130 3054 p.
1147 3006 1166 3054 1,
1186 3005 1200 3046 I.
1218 3005 1243 3044 19
1262 3010 1281 3045 at

160 3057 222 3104 Infra
235 3068 261 3104 p.
277 3057 310 3106 25,
325 3057 341 3096 I.
357 3056 590 3106 concremabatur.
646 3058 667 3108 d)
682 3058 713 3095 tto
726 3069 744 3100 c.

161 3252 187 3323 1)
209 3253 249 3318 Cf.
267 3253 419 3320 Leucadem
431 3252 569 3319 Karola'I,
588 3268 608 3307 c.
623 3256 650 3307 1:
673 3253 842 3305 consecravit
861 3255 888 3305 et
905 3252 992 3308 unxit.
1049 3252 1077 3323 2)
1098 3253 1171 3317 Quas
1188 3255 1283 3306 edendi
1300 3271 1327 3310 30

160 3326 279 3376 ratc'onaa
297 3324 340 3376 In'c
357 3329 461 3376 secutus
478 3327 539 3390 aim,
558 3327 587 3375 in
605 3325 793 3376 colomario
810 3325 870 3376 ‘Dic
887 3323 1073 3377 Flsttoar'schm
1088 3326 1215 3376 Acculeia
1232 3326 1281 3376 dar

159 3394 331 3459 Staufarcait'
350 3397 467 3464 mpoaui.
540 3393 567 3464 3)
588 3395 630 3459 Of.
648 3410 736 3462 supra
754 3395 791 3446 ad
812 3411 837 3450 a.
853 3397 914 3461 753,
934 3413 963 3463 p.
983 3398 1009 3461 6,
1035 3397 1052 3450 I.
1072 3398 1114 3450 37.
1187 3395 1215 3465 4)
1237 3396 1279 3459 of.

158 3480 246 3534 supra
271 3468 288 3521 l.
309 3469 332 3520 1.
441 3465 469 3535 5)
497 3465 540 3530 Of.
565 3471 656 3518 notam
681 3468 859 3533 sarcinulam
884 3467 938 3520 cod.
958 3465 1075 3519 Ionam
1099 3467 1146 3531 fol.
1165 3469 1217 3522 65·Ι
1244 3467 1281 3518 ad

161 3537 260 3592 Otron.
276 3536 377 3590 Ottonia
388 3538 575 3603 arsinoeum
587 3537 637 3602 IV,
649 3554 670 3592 c.
683 3539 726 3592 28.
740 3553 807 3592 aare.
820 3538 905 3591 XIII.
917 3539 1034 3602 sortasse
1047 3538 1080 3588 ab
1092 3539 1151 3605 ipso
1163 3538 1280 3590 librario

159 3607 341 3675 Neoburycnsi
359 3610 481 3660 additum
489 3625 498 3660 .·
516 3605 573 3661 Iste
582 3607 792 3661 Valentinianus
810 3606 971 3661 novissimus
990 3610 1167 3678 augustorum
1186 3607 1239 3660 fuit
1250 3608 1280 3661 in
1299 3625 1325 3664 35

159 3679 227 3732 urbe
245 3677 343 3734 Roma.
380 3677 448 3731 Post
472 3695 553 3746 quem
571 3676 661 3732 Rome
685 3694 767 3731 nemo
793 3681 900 3732 creatus
925 3682 966 3731 eat
991 3682 1121 3747 augustus
1139 3678 1278 3746 usquead

159 3747 295 3802 Karolum
307 3748 442 3818 Magnum
454 3748 625 3802 Francorum
643 3765 747 3818 regem.
776 3747 844 3802 Post
862 3765 943 3818 quem
956 3749 1114 3803 Romanum
1131 3749 1278 3818 imperium

160 3820 198 3872 cis
220 3836 296 3873 mare
313 3818 484 3872 Francorum
503 3819 614 3888 regibus
632 3819 887 3873 amministrandum
907 3837 969 3873 cum
989 3820 1087 3874 cesaris
1105 3821 1278 3889 imperatoris

159 3889 267 3959 augusti
294 3890 406 3944 nomina
434 3890 608 3943 commissum
633 3894 748 3944 estnon
772 3890 1005 3959 irrationabiliter,
1033 3891 1096 3960 quia
1113 3891 1232 3945 Romani
1251 3895 1279 3946 et

159 3958 259 4013 Franci
278 3960 313 4014 de
331 3960 429 4014 codem
447 3959 523 4014 fonte
542 3960 655 4014 Troiani
679 3962 817 4032 sanguinis
839 3967 1016 4018 emerserunt.
1089 3963 1116 4033 6)
1143 3964 1186 4028 Cf.
1206 3964 1278 4020 Hau.
1297 3977 1333 4018 40'

159 4031 236 4086 Mica
250 4032 331 4098 XIV,
348 4048 368 4087 o.
383 4033 424 4086 10.
443 4038 467 4084 et
481 4031 583 4085 Ottoaia
596 4033 695 4088 claron.
708 4034 728 4086 Ι
732 4034 762 4100 V,
778 4049 799 4089 a.
813 4037 855 4088 24.
928 4034 956 4102 7)
975 4035 1011 4086 In
1029 4035 1154 4101 Carataco
1175 4033 1279 4087 onas

160 4103 260 4157 clarore.
278 4105 379 4155 adamo
403 4107 485 4156 serica
509 4105 703 4172 imperatorum
727 4106 927 4158 occidentalium
952 4107 983 4157 In
1006 4106 1196 4158 Valentiniano
1221 4106 1277 4165 ΙΙΙ,

159 4173 296 4237 attamin-
331 4175 392 4226 iuda
428 4175 503 4240 salsa
532 4177 564 4228 de
594 4178 652 4242 {pm
682 4177 777 4228 ultimo
807 4179 966 4243 irnparatorc
1002 4179 1093 4244 optario
1122 4181 1189 4228 mua
1224 4192 1277 4229 aare

158 4244 276 4312 vidam
288 4248 321 4311 cf.
335 4248 414 4297 ctiam
426 4249 504 4311 infra
515 4263 543 4313 p.
555 4249 598 4301 24.
610 4249 628 4302 l.
640 4250 682 4302 17.
695 4249 726 4299 da
738 4252 821 4300 morta
830 4249 914 4300 Aetia:
926 4264 988 4300 cum
1002 4265 1056 4317 quo
1069 4247 1180 4300 fortuna
1189 4248 1277 4300 omnis

160 4317 189 4368 at
205 4316 292 4370 virtus
309 4316 444 4385 Hesperie
463 4317 574 4372 corruit.
646 4318 674 4388 8)
695 4316 758 4386 Ipse
777 4349 813 4357 —-
832 4318 923 4371 extitit
941 4335 974 4371 cc
991 4319 1115 4385 Leucada
1134 4319 1235 4372 Karoli
1251 4320 1276 4385 I,
1296 4335 1324 4374 45

158 4403 179 4442 o.
198 4391 223 4443 3.
296 4387 323 4457 9)
343 4386 487 4442 deficiente
506 4432 512 4444 .
532 4432 538 4444 .
559 4430 565 4443 .
584 4389 660 4457 regio
680 4392 794 4442 stemate
812 4391 847 4454 cf.
865 4392 943 4455 iufra
962 4391 998 4441 ad
1015 4407 1041 4445 a.
1058 4392 1117 4444 911.
