2970 4950
433 447 614 504 ANNALES
631 448 921 505 MARBAOENSES.
950 511 955 523 Ι
1204 455 1239 508 15

120 631 315 699 genuerunt
338 643 460 693 nemora,
479 643 550 694 quae
575 625 664 680 adhuc
688 626 717 678 in
741 625 838 680 eodem
859 627 920 680 loco
939 630 1079 696 apparent.
1116 626 1235 696 [manta
1249 641 1365 687 carcar.

121 706 214 755 autem
231 699 328 768 multe]
353 715 387 752 ex
407 697 492 751 hastis
512 697 658 753 fraxineae.
695 697 747 750 Die
771 697 855 768 igitur
879 699 1004 766 sequenti
1029 699 1173 752 commissa
1199 703 1239 752 est

121 774 217 826 contra
234 769 325 824 hostes
342 786 444 838 pugna,
464 769 498 822 ¹iu
523 785 576 837 qua
601 769 690 822 occisa
715 772 778 822 sunt
796 768 1011 823 Christianorum
1029 769 1082 822 XL
1100 769 1185 837 milia,
1211 774 1239 824 et

121 842 179 895 dux
196 839 266 895 Milo
285 840 320 894 de
338 839 506 909 Angulariis,
523 839 676 893 Rothlandi
700 839 816 908 genitor,
841 839 945 894 ibidem
970 839 1095 909 martyrii
1118 842 1238 910 palmam

89 913 236 982 aadeptus
255 915 297 966 est
314 928 376 964 cum
395 910 446 980 his,
465 927 581 979 quorum
599 910 685 978 basta,
704 914 734 963 ut
752 910 857 964 dictum
880 916 927 976 est,
953 911 1139 968 fronduerant.
1182 911 1239 966 Sed

122 989 150 1038 et
167 983 264 1037 Karoli
290 981 394 1050 equusb
417 982 446 1035 in
471 981 567 1035 eadem
584 999 679 1052 pugna
696 982 877 1050 interemptus
902 986 950 1037 est.
988 982 1065 1036 Tunc
1090 983 1240 1052 imperator

123 1057 279 1109 constanter
295 1070 458 1123 permanens
478 1053 540 1106 cum
562 1052 669 1106 duobus
693 1053 804 1107 milibus
822 1053 1038 1107 Christianorum
1062 1054 1186 1122 peditum
1212 1059 1239 1107 et

121 1126 179 1195 ipse
197 1124 288 1194 pedes,
307 1142 369 1179 curn
393 1126 452 1193 [⁸0⁸
472 1124 551 1192 inter}
577 1124 720 1178 innumera
738 1124 857 1177 hostium
875 1125 952 1177 milia
976 1129 1099 1178 cameret
1124 1125 1238 1179 circum·

122 1197 262 1264 vallatum,
281 1196 439 1264 evaginato
477 1195 556 1248 ladio
576 1196 676 1248 multos
688 1194 903 1249 Sarracencrum
921 1196 1076 1255 trucidavit,
1107 1196 1157 1249 Die
1173 1213 1238 1250 vero

77 1285 103 1323 10
122 1268 363 1336 advesperascente
381 1269 438 1319 tam
456 1214 602 1319 {hristiani
622 1283 704 1334 quam
723 1265 866 1319 Sarraceni
890 1268 918 1319 in
943 1272 1031 1320 castra
1055 1271 1238 1324 revertuntur.

123 1337 233 1392 *Altera
269 1337 315 1391 die
344 1335 523 1408 Agyolandus
560 1337 588 1390 in
624 1337 718 1407 fugam
749 1355 841 1390 versus
870 1338 899 1389 in
930 1338 1142 1408 Legioncnsium
1171 1337 1334 1396 fines-‘rusa

123 1410 239 1476 secessit,
265 1412 293 1462 et
314 1409 497 1477 triumphator
514 1408 635 1462 Karclus
661 1407 689 1460 in
708 1407 826 1461 Galliam
852 1409 1000 1477 remeavit,
1026 1409 1100 1463 ubil
1125 1423 1339 1469 rursusrarpvn.

122 1480 237 1534 multis
250 1497 309 1534 con
316 1479 467 1550 gregatis
480 1479 519 1533 de
531 1478 666 1547 imperii
678 1479 877 1547 visceribus,
890 1479 1053 1534 videlicet
1067 1479 1239 1534 CXXXIIII

122 1552 241 1619 milibus,
267 1550 438 1620 Hyspaniam
465 1550 658 1620 ingreditur
685 1554 718 1603 et
745 1568 816 1603 cum
842 1551 1010 1620 Agyolando
1039 1569 1238 1622 congressus

78 1624 229 1693 reipsum
255 1627 287 1675 et
305 1639 417 1675 omnes
442 1639 517 1675 suos
537 1621 739 1690 prostravit,
765 1625 797 1674 et
821 1627 941 1676 cuncta
968 1623 1034 1676 rite
1059 1623 1239 1691 disponens

123 1694 231 1748 victor
250 1693 290 1747 ad
308 1693 445 1763 propria
462 1692 572 1748 rediit.

228 1781 290 1836 Hac
308 1782 382 1835 bella
400 1786 433 1835 et
454 1781 559 1834 multo
584 1781 682 1850 plura
700 1799 750 1834 rex
771 1785 803 1833 et
827 1782 1012 1850 imperator
1036 1782 1384 1851 potentissimusurnu.c.1a.

123 1872 174 1922 per
186 1870 271 1907 annos
283 1851 396 1907 XLVII
409 1852 437 1905 in
450 1852 562 1906 diversis
580 1856 716 1905 terrarum
735 1852 857 1921 partibus
877 1871 983 1905 summa
1000 1853 1147 1922 prudentia
1159 1858 1240 1921 atqua

123 1924 252 1978 felicitate
271 1925 360 1994 gessit.
398 1923 503 1992 Quibus
521 1940 635 1993 regnum
654 1923 832 1991 Francorum,
851 1923 925 1992 quod
942 1929 1004 1992 post
1022 1929 1129 1993 patrem
1147 1923 1239 1992 Pippi-

77 2012 105 2051 ao
123 2014 189 2049 num
208 1999 372 2064 susceperat,
390 1995 430 2048 ita
447 1994 577 2048 nobiliter
595 1994 745 2063 ampliavit,
765 1998 796 2048 ut
813 2012 883 2062 pene
902 1995 1018 2063 duplum
1037 1995 1078 2048 illi
1103 1995 1239 2051 adiecerit.

123 2066 194 2120 Nam
213 2084 275 2120 cum
293 2066 368 2136 prius
385 2083 441 2119 non
460 2066 577 2134 amplius
596 2083 678 2133 quam
697 2082 729 2118 ea
747 2083 810 2134 pars
824 2065 920 2135 Gallie,
940 2083 1009 2133 quae
1027 2067 1100 2119 inter
1110 2065 1239 2120 Rhenum

125 2143 152 2191 et
164 2138 294 2208 Ligerem
313 2153 516 2205 occeanumque
534 2153 566 2190 ac
584 2154 660 2190 mare
679 2136 851 2190 Balearicum
870 2137 949 2204 iacet,
969 2142 996 2190 et
1008 2154 1071 2205 pars
1084 2137 1239 2204 Germania,

123 2226 193 2277 quae
211 2209 284 2263 iuter
302 2208 449 2263 Saxoniam
469 2213 496 2260 et
514 2208 671 2261 Danubium
689 2207 870 2275 Rhenumque
889 2225 921 2260 ac
940 2206 1033 2261 Salam
1051 2208 1174 2275 fluvium,
1193 2208 1240 2276 qui

123 2275 259 2349 Tbringos
277 2284 305 2332 et
323 2278 441 2332 Sarabos
459 2278 565 2346 dividit,
588 2280 677 2347 posita
702 2297 718 2332 a
736 2279 848 2332 Francis
870 2280 916 2347 qui
936 2279 1088 2333 Orientales
1113 2279 1240 2332 dicuntur

77 2367 104 2406 aa
122 2351 259 2420 incolitur,
278 2354 307 2404 et
323 2354 417 2418 preter
437 2350 488 2404 hec
506 2350 655 2403 Alamanni
682 2355 762 2418 atque
781 2349 888 2403 Bawari
913 2350 948 2403 ad
972 2351 1051 2420 regni
1069 2349 1239 2403 Francorum

122 2425 287 2490 potestatem
304 2421 481 2490 pertinerent,
500 2421 558 2489 ipse
576 2439 626 2489 per
644 2421 717 2474 bella
729 2426 881 2474 memorata
900 2426 934 2474 et
951 2422 1116 2489 multiplices
1127 2421 1366 2482 vietor-ierant.

122 2493 246 2562 palmas²
273 2492 475 2561 ampliavit.
523 2490 613 2545 Auxit
643 2493 725 2544 etiam
753 2493 870 2561 gloriam
897 2493 976 2562 regni
1006 2493 1048 2546 sui
1078 2493 1239 2560 quibusdam
1248 2506 1313 2546 arira.
1325 2517 1341 2546 a.
1351 2506 1384 2544 16.

123 2565 233 2634 regibus
252 2581 283 2617 ac
300 2564 428 2634 gentibus
446 2581 496 2632 per
514 2564 668 2617 amiciciam
686 2563 738 2616 sibi
757 2564 915 2618 conciliatis.
952 2563 1143 2617 Hadefonsum
1164 2581 1239 2616 narn-

123 2652 176 2702 que
194 2633 301 2688 Galicie
319 2639 400 2702 atque
418 2635 549 2688 Asturiac
566 2651 660 2704 regem
679 2635 731 2689 sibi
748 2635 877 2688 societate
896 2635 1019 2688 devinxit
1037 2652 1075 2689 ac
1093 2634 1239 2688 Scotorum

77 2724 104 2763 ac
124 2723 202 2776 reges
221 2707 259 2759 sic
277 2706 374 2760 babuit
392 2705 428 2759 ad
446 2723 523 2759 suam
542 2706 712 2759 voluntatem
730 2723 780 2774 per
796 2705 1011 2759 munificentiam
1033 2707 1184 2773 inclinatos,
1210 2711 1239 2759 ut

123 2776 207 2831 eum(1
222 2777 274 2830 nisi
293 2777 434 2830 dominum
449 2793 531 2846 seque
549 2776 671 2830 subditos
690 2794 728 2830 ac
747 2794 837 2830 servos
851 2778 908 2830 eius
919 2778 1140 2846 pronunciarent.
1170 2777 1240 2830 Cum

123 2849 218 2902 Aaron
237 2847 470 2916 regePersarunr,
489 2847 788 2916 cuiNicepborus
802 2847 1377 2918 Constantinopolitanusrrarurac.

123 2920 324 2988 imperator
354 2919 498 2971 tributa
528 2919 696 2973 solvebat
727 2920 902 2986 coactus⁸,
939 2921 986 2988 qui
1016 2924 1130 2989 excepta
1159 2919 1404 2973 Indiaaaia.a1a.·

123 2994 213 3044 totum
230 3006 301 3058 pene
319 2991 431 3043 tenebat
449 2989 592 3057 orientem,
610 2991 693 3044 talem
712 2991 808 3043 habuit
827 2990 856 3043 in
875 2991 998 3044 amicicia
1015 2991 1196 3057 concordiam,
1209 2996 1239 3043 ut

78 3077 105 3119 ac
122 3062 145 3115 is
163 3062 284 3130 graciam
303 3061 361 3114 eius
384 3061 506 3113 omnium
526 3062 572 3128 qui
598 3060 626 3114 in
651 3065 710 3114 toto
736 3062 803 3114 orbe
828 3066 963 3114 terrarum
988 3071 1065 3115 erant
1089 3079 1185 3130 regum
1209 3078 1240 3114 ac

123 3132 278 3201 principum
296 3131 418 3185 amicicie
435 3136 607 3201 preponeret.
644 3131 740 3186 Inter*
759 3133 812 3185 alia
831 3134 902 3185 enirn
925 3151 1039 3185 munera
1064 3133 1239 3200 elephantum
1249 3145 1351 3183 Berroia.

124 3203 195 3257 sibi
216 3202 298 3258 misit.
344 3201 529 3271 imperatores
556 3202 639 3255 etiarn
664 3202 971 3272 Constantinopolitani‚
1001 3203 1385 3256 Constantinusnua.c.1a

124 3291 195 3327 cum
219 3277 324 3327 matre
343 3273 503 3342 Hyrene⁵,
529 3273 707 3342 Nicephorus,
726 3274 846 3327 Michael
868 3280 895 3327 et
914 3274 971 3327 Leo
997 3275 1069 3326 ultro
1088 3273 1238 3326 amiciciam

124 3350 151 3399 et
170 3344 328 3398 societatem
348 3348 506 3414 expetentes
528 3345 737 3414 quamplures
757 3345 872 3398 adeum
898 3346 995 3398 misere
1021 3345 1132 3413 legatos.
1171 3344 1240 3397 Cum

77 3434 105 3473 lo
125 3416 223 3484 quibus
240 3420 335 3469 tamen
359 3421 472 3485 propter
490 3421 645 3484 susceptum
664 3433 679 3468 a
698 3433 726 3469 se
752 3433 851 3469 nomen
875 3416 1049 3483 imperatoris
1074 3420 1102 3468 et
1127 3416 1161 3469 ob
1187 3414 1240 3468 hoc

124 3488 181 3554 eie,
192 3487 269 3555 quasi
278 3487 323 3554 qui
336 3487 481 3556 imperium
494 3487 532 3540 eis
545 3487 651 3555 eripere
663 3488 755 3554 vellet,
764 3487 844 3540 valde
856 3491 1019 3554 suspectum,
1029 3486 1107 3538 fedus
1119 3486 1240 3539 firmissi-

123 3576 200 3611 mum
218 3559 321 3626 statuit,
340 3563 371 3611 ut
390 3559 466 3611 nulla
483 3559 556 3611 inter
567 3562 658 3627 partes
671 3558 814 3612 cuiuslibet
828 3557 948 3611 scandali
960 3563 1115 3610 remaneret
1127 3559 1239 3613 occasio.

230 3628 358 3697 Quicum
371 3633 462 3683 tantus
476 3631 503 3682 in
517 3629 673 3697 ampliando
686 3647 771 3698 regno
790 3634 817 3682 et
830 3629 993 3682 subiciendis
1006 3629 1106 3681 exteris
1123 3629 1240 3681 nationi·
1251 3643 1278 3682 se.
1292 3653 1309 3680 a
1319 3642 1351 3680 ιτ.

123 3701 174 3754 bus
193 3700 322 3754 existeret
341 3704 368 3754 et
387 3701 415 3753 in
433 3699 603 3754 huiusmodi
622 3701 845 3768 occupationibus
865 3700 971 3753 assidue
984 3704 1144 3767 versaretur,
1158 3717 1241 3768 opera

76 3908 104 3947 ic
123 3905 146 3956 a)
160 3915 218 3944 rocas
231 3906 312 3944 ualuas
326 3915 353 3943 aa
367 3905 467 3952 Leonida
480 3905 552 3952 suppl.
616 3906 638 3952 b)
654 3902 692 3953 eql
706 3917 723 3946 c.
789 3908 809 3954 c)
824 3907 908 3946 astucia
922 3917 940 3948 c.
1002 3904 1025 3957 d)
1040 3917 1161 3954 numquam
1176 3907 1241 3946 aliter

124 3959 233 3997 ainhun-ci·
246 3960 356 3998 omissum.
412 3958 434 4008 e)
448 3959 480 3996 sir
495 3970 513 3997 c.
529 3962 548 3996 et
561 3959 670 3997 Einhardi
683 3961 730 4000 cod.
745 3960 838 4009 capro
853 3961 892 3998 eis.

123 4133 151 4204 1)
180 4134 226 4187 ubi
251 4167 287 4173 —
312 4135 393 4187 rediit
420 4136 455 4199 cf.
486 4137 604 4202 Turpini
628 4135 780 4188 Historiam
806 4137 906 4189 Karoli
931 4137 1029 4202 Magni
1054 4136 1105 4199 (ed.
1133 4137 1240 4190 Caetera

125 4208 207 4266 1880)
225 4223 245 4260 c.
267 4210 308 4261 11.
329 4209 362 4260 14
373 4222 428 4273 sqq.
518 4207 546 4274 2)
565 4206 643 4260 mult.
663 4206 776 4259 victorie
795 4207 898 4275 palmas
917 4207 952 4270 cf.
972 4207 1122 4272 Legendom
1141 4207 1243 4260 Karoli

123 4278 154 4328 irs
176 4279 290 4344 prolopc
314 4279 379 4329 libri
404 4277 459 4332 ΙΙΙ.
567 4277 594 4347 3)
623 4278 665 4342 Cf.
690 4274 842 4330 Historiam
867 4277 1014 4329 Miscellam
1039 4278 1151 4342 XXVI,
1176 4294 1196 4330 a.
1216 4281 1241 4333 6.

78 4362 105 4403 cc
123 4349 152 4414 4)
178 4346 308 4400 Inter-
329 4347 403 4399 misit
427 4365 461 4400 aa
479 4348 613 4401 Bcrnoldo
631 4349 666 4399 cd
691 4366 716 4403 c.
736 4351 796 4403 802.
905 4351 931 4413 5)
958 4348 1065 4399 Horam
1087 4351 1241 4401 mentionem

123 4419 262 4472 chromo
280 4422 336 4470 ium
353 4435 440 4486 supro
459 4422 520 4484 fecit
541 4435 570 4485 p.
592 4423 616 4484 1,
640 4420 656 4472 l.
676 4423 712 4474 24
734 4425 758 4470 et
775 4420 855 4483 infra
876 4435 905 4484 p.
928 4421 969 4482 17,
992 4419 1008 4472 l.
1029 4422 1071 4474 25.
