2970 4950
169 449 205 502 30
484 440 664 496 ANNALns
682 439 973 505 MARBAOENSES.

22 651 159 692 cataras.
170 624 312 708 ringen1,
337 632 475 692 Rddolfus
500 636 556 689 dux
577 635 739 703 Suevorum,
768 635 935 690 chefridus
962 636 1018 689 dux
1036 635 1292 706 Lotbaringiorum,

171 715 199 764 et
225 709 370 779 principes,
398 709 511 762 comites
538 706 697 775 nobilesque
724 707 945 762 innumerabiles.
982 707 1049 761 Itaa
1072 707 1149 761 iuxta
1175 707 1293 762 fluvium

94 793 160 832 aaa
170 781 286 835 Unstnit
305 780 409 834 dictum
421 778 533 848 publico
547 778 621 831 bello
640 779 794 846 commisso,
803 776 876 833 vrb
890 778 957 832 ldus
970 777 1045 831 Iunii
1058 795 1144 832 anno
1157 779 1293 833 Domini

22 846 89 939 ⁶⁰⁸²,ss
97 847 341 938 {rid-llbxxvfl
371 853 485 904 cruenta
513 867 565 903 rex
593 850 697 918 potitus
727 849 843 903 victoria
872 849 963 906 rediit.
1016 848 1081 903 Non
1110 850 1199 903 multo
1229 854 1294 919 post

81 928 89 949 '
114 928 119 939 '
170 927 296 992 tempore
320 925 395 975 tres
419 920 521 990 prefati
544 919 634 986 duces,
654 920 761 974 Gwelfo
780 925 808 974 et
825 919 963 974 tholius
987 925 1021 974 et
1040 919 1324 990 Bertholdus⁸,t

170 994 287 1063 principi
309 993 474 1047 rebellantes
499 990 653 1045 Saxonibus
678 991 835 1061 iunguntur.
878 990 1043 1045 Godeiridus
1071 995 1163 1045 autam
1185 990 1292 1046 Letho-

72 1077 102 1125 *η
113 1078 159 1118 133.
170 1065 258 1135 ringie
276 1064 334 1117 dux
352 1063 514 1118 orientalem
533 1061 736 1131 expeditionem
755 1079 907 1132 aggressus,
933 1062 1135 1117 Ibero*solimis
1160 1063 1292 1117 ducatum

170 1137 264 1205 populi
283 1135 336 1189 Dei
353 1139 457 1204 tenens,
475 1133 579 1187 ibidem
598 1134 626 1186 in
644 1150 713 1202 pace
731 1133 841 1202 quievit.

95 1221 160 1259 aaa.
278 1205 374 1259 *Anno
393 1204 505 1259 Domini
523 1203 692 1260 MLXXHI.
730 1204 819 1258 Rome
837 1204 995 1258 Alexander
1011 1221 1084 1273 papa
1102 1203 1226 1262 decessit.
1310 1216 1394 1265 *artu

278 1277 457 1344 Sequenti
485 1293 576 1329 anno
604 1276 688 1345 legati
716 1275 786 1329 sedis
813 1276 962 1344 apostolice
989 1276 1018 1328 in
1035 1276 1230 1329 Alemanniam
1256 1277 1293 1331 ad
1311 1295 1336 1334 ιο

171 1366 266 1418 regem
284 1351 419 1401 venemmt
436 1363 488 1417 pro
505 1347 589 1415 ipsius
606 1347 730 1414 pravis
755 1347 877 1400 moribus
902 1346 1077 1415 corrigendis.
1113 1346 1149 1401 In
1173 1364 1292 1416 quorum

171 1436 269 1473 manus
296 1436 325 1472 se
351 1436 401 1472 rex
428 1419 478 1472 sub
506 1417 681 1471 correctionis
708 1417 852 1485 sponsione
880 1418 1026 1484 commisit,
1053 1435 1133 1471 suum
1157 1419 1292 1472 auxilium

172 1490 284 1544 domino
315 1489 464 1559 apostolico
496 1489 531 1542 ad
561 1489 737 1558 deponendos
772 1488 942 1556 symoniacos
972 1488 1126 1542 firmissime
1155 1490 1290 1558 promisit.

172 1560 230 1630 Ipsi
248 1561 331 1615 etiam
349 1560 422 1630 regis
440 1559 588 1614 consiliarii
606 1577 700 1613 omnes
718 1577 761 1614 res
788 1560 964 1632 ecclesiarum
982 1560 1081 1613 iniuste
1100 1561 1245 1628 acquisitas
1262 1578 1292 1615 se

171 1632 327 1686 reddituros
355 1648 448 1685 coram
475 1631 576 1684 eisdem
603 1632 701 1701 legatis
728 1633 778 1685 sub
805 1634 976 1685 sacramento
1003 1631 1160 1700 promisere.
1198 1630 1293 1700 Quod
1312 1648 1336 1686 15
1409 1692 1413 1702 ,

60 1704 306 1759 eo.1orc.mentiti
337 1706 420 1758 sunt.
463 1702 544 1756 Nam
574 1707 704 1771 postea,
735 1703 824 1757 sicut
854 1707 887 1755 et
913 1702 1042 1771 pridem
1070 1701 1211 1769 iecerat,
1242 1719 1293 1756 rex

171 1791 221 1844 per
233 1774 415 1842 symoniacam
429 1775 547 1827 heresim
559 1777 681 1826 sanctam
697 1774 839 1843 ecclesiam
859 1773 953 1827 fedare
972 1791 1027 1826 non
1046 1773 1167 1841 cenavit,
1187 1773 1293 1828 scilicet

171 1863 222 1914 pro
247 1846 340 1915 precio
366 1845 545 1914 episcopatus,
574 1845 697 1898 abbatias
715 1848 743 1897 et
761 1845 815 1898 alia
832 1845 988 1897 huiusmodi
1006 1844 1183 1900 investienda.
1221 1843 1292 1898 (lum

172 1917 279 1986 igitur
297 1933 346 1970 rex
364 1917 419 1970 iam
437 1917 527 1985 sepius
546 1933 562 1969 a
579 1933 652 1984 papa
669 1917 839 1984 premonitus
858 1933 887 1970 se
906 1915 1043 1984 corrigere
1060 1915 1155 1984 nollet,
1175 1918 1203 1969 et
1219 1933 1293 1985 papa

171 1988 199 2041 in
218 1987 400 2041 ammonendo
419 1988 459 2040 nil
477 1986 632 2056 proficeret,
659 1987 695 2040 ad
719 1988 848 2040 ultimum
875 1985 1017 2040 mandavit
1035 1986 1067 2054 ei,
1096 1986 1169 2054 quod
1187 1986 1216 2039 in
1233 1986 1291 2041 Ro·
1310 2003 1337 2042 au

171 2077 253 2112 mana
271 2059 375 2127 synodo
393 2062 459 2112 tunc
477 2059 604 2127 proxima
623 2075 685 2111 eum
704 2057 988 2112 excommunicaturus
1014 2061 1092 2125 essct,
1119 2057 1171 2110 nisi
1195 2058 1291 2127 resipi-

171 2134 266 2186 sceret.
304 2130 386 2184 Unde
408 2147 459 2183 rex
480 2131 510 2183 in
532 2130 734 2198 septuagesima
759 2130 832 2198 apud
844 2125 1031 2183 Wormaciam
1059 2129 1195 2196 colloquio
1218 2129 1291 2182 facto

172 2205 200 2255 et
217 2202 270 2255 alio
287 2201 315 2254 in
328 2201 525 2270 Longobardia
538 2200 611 2269 apud
622 2200 792 2253 Placentiam
811 2217 906 2253 omnes
919 2216 985 2268 quos
1002 2200 1093 2269 potuit
1106 2199 1291 2254 obedientiam

170 2272 295 2341 predicto
313 2290 385 2341 pape
404 2272 586 2326 exhibendam
610 2272 737 2325 abiurare
759 2271 825 2325 fecit
853 2275 881 2324 et
907 2271 990 2324 missa
1017 2270 1154 2340 legatione
1179 2271 1215 2324 ad
1232 2270 1290 2325 Ro-

171 2361 281 2397 manam
299 2344 442 2411 synodum,
468 2359 537 2411 quae
560 2343 589 2395 in
608 2342 835 2412 quadragesimae
853 2342 1029 2396 celebranda
1048 2345 1120 2395 erat
1137 2359 1222 2396 anno
1241 2343 1291 2395 in·
1310 2356 1337 2398 25

171 2414 379 2469 carnationis
392 2414 526 2467 Domini
539 2412 705 2482 MLXXVI,
722 2415 811 2482 ipsum
824 2414 1004 2482 apostolicum
1017 2413 1052 2466 ab
1065 2412 1214 2481 apostolica
1226 2413 1291 2467 sede

170 2485 248 2539 iussit
266 2485 466 2539 contumaciter
484 2483 692 2541 discedered.
723 2484 778 2538 Sed
796 2485 871 2538 missi
890 2485 946 2538 eius
965 2484 1121 2553 turpissime
1140 2483 1168 2536 in
1187 2484 1291 2552 synodo

170 2557 282 2611 tractati
299 2557 346 2610 vix
365 2573 380 2608 a
395 2554 528 2609 Romanis
546 2555 692 2609 adiuvante
704 2573 776 2625 papa
791 2559 943 2615 evaserunt,
973 2554 1069 2624 Ipsum
1085 2557 1178 2608 autem
1195 2572 1291 2624 regem

171 2627 275 2695 synodo
286 2627 426 2679 iudicante
437 2642 524 2695 regno
540 2630 568 2678 et
583 2627 775 2680 communione
787 2627 906 2696 privavit
920 2631 948 2680 et
964 2643 1058 2680 omnes
1076 2625 1102 2680 ei
1121 2625 1156 2679 ad
1174 2643 1291 2695 regnum

171 2697 273 2751 iuratos
299 2697 453 2750 iuramento
478 2696 594 2751 absolvit
612 2715 759 2766 omnesque
778 2699 919 2766 episcopos
938 2698 984 2765 qui
1001 2697 1062 2767 regi
1080 2700 1178 2766 sponte
1195 2702 1292 2751 contra
1309 2712 1337 2752 ac

170 2767 604 2894 liiimaileiiitdfiiiaii
618 2768 1165 2894 {mittits.¹’tmst·..lt0tt³⁸b³
1177 2768 1291 2893 itti

171 2857 410 2980 sedisqapostoliIbe
427 2857 560 2966 inteprfuis.
597 2910 643 2963 lbi
656 2858 808 2964 1ileinrlicns
826 2858 936 2964 rexgniln
958 2858 1178 2979 purificationem
1196 2857 1291 2964 sagncte

171 2981 260 3035 Marie
278 2987 345 3035 tunc
363 2982 518 3050 proximam
536 2998 565 3034 se
582 2982 796 3050 presentandum
823 2981 935 3036 domino
953 2999 1025 3051 pape
1043 2981 1117 3050 apud
1133 2981 1291 3051 Augustam

170 3052 326 3107 firmissime
343 3053 475 3122 promisit.
506 3051 578 3106 Nam
596 3053 661 3105 illuc
680 3052 822 3106 dominum
842 3053 1023 3122 apostolicum
1042 3069 1105 3106 cum
1120 3052 1291 3122 principibus
1310 3067 1336 3108 ut

59 3125 248 3194 salutaregni
277 3124 411 3180 invitavit.
459 3123 602 3191 ltaque
631 3141 682 3177 rex
711 3124 822 3192 proprie
856 3141 936 3178 cause
967 3122 1093 3178 diffidens
1124 3127 1152 3177 et
1186 3123 1290 3178 idcirco

170 3197 304 3266 generale
335 3195 543 3263 colloquium
572 3194 784 3264 interfugiense
815 3195 915 3250 furtive
940 3193 1063 3248 Ytaliam
1093 3199 1189 3248 contra
1218 3211 1291 3264 pape
1388 3255 1389 3258 Ἰ

169 3271 332 3336 preceptum
351 3271 379 3321 et
397 3266 510 3320 consilia
527 3265 684 3335 principum
703 3265 815 3319 intravit
843 3270 871 3320 et
898 3265 1049 3335 apostolico
1078 3266 1113 3319 ad
1132 3265 1290 3320 condictum

170 3339 244 3392 diem
263 3338 304 3391 ad
322 3338 478 3407 Augustam
496 3337 620 3391 tendenti
646 3340 709 3390 ante
727 3335 947 3406 purificationem
971 3340 1064 3390 sancte
1082 3335 1173 3390 Maria
1190 3335 1290 3390 Kanisi

170 3410 298 3466 obviavit.
330 3409 385 3464 Ubi
399 3413 427 3463 et
442 3409 476 3462 ab
494 3425 527 3464 ec
544 3426 595 3477 per
613 3407 736 3461 inaudite
751 3408 912 3461 humilitatis
931 3405 1225 3475 similitudinemf,
1244 3411 1288 3460 ut·
1307 3421 1335 3461 40

170 3497 288 3549 cumque
306 3485 356 3550 pot
377 3482 405 3548 t,
423 3497 479 3534 non
497 3479 583 3549 regni,
612 3479 660 3533 sed
679 3480 878 3532 communionis
896 3482 1003 3532 tantum
1023 3478 1224 3532 concessionem
1242 3477 1291 3532 vix

170 3551 281 3605 demum
300 3551 422 3619 extorsit,
442 3552 507 3605 dato
524 3556 616 3604 tamen
635 3551 710 3620 prius
729 3554 907 3621 sacramento,
935 3553 966 3603 ut
984 3549 1019 3603 de
1038 3548 1151 3603 obiectis
1170 3549 1290 3603 crimini-

169 3622 221 3676 bus
239 3622 273 3676 ad
292 3623 423 3676 iudicium
445 3639 517 3691 pape
540 3621 710 3675 satisfaceret
736 3639 787 3676 nec
814 3638 886 3690 pape
903 3621 948 3674 vel
976 3621 1058 3674 alicui
1077 3621 1135 3674 eius
1152 3619 1229 3673 fideli
1246 3637 1290 3673 us·

171 3710 252 3761 quam
271 3695 347 3748 eunti
364 3694 409 3747 vel
426 3693 553 3746 redeunti
571 3693 690 3760 aliquam
712 3693 867 3746 molestiam
893 3691 989 3745 inferri
1016 3691 1189 3751 consentiret,
1226 3690 1290 3744 Hoc

170 3768 263 3818 autem
281 3765 466 3818 iuramentum
485 3780 536 3816 nec
554 3763 610 3818 XV
629 3763 687 3816 dies
705 3764 868 3832 observavit,
897 3763 984 3832 captis
1001 3762 1205 3817 venerabilibus
1233 3762 1290 3831 epi·
1308 3776 1336 3815 45

170 3934 192 3982 a)
212 3933 251 3981 qui
268 3944 286 3974 c.
356 3933 379 3980 b)
393 3933 421 3972 V.
441 3932 507 3972 Rern.
577 3931 598 3983 c)
617 3931 663 3971 LX.
683 3943 701 3970 c.
716 3944 760 3981 pro
778 3934 824 3972 XL.
844 3933 956 3973 Bernolds'.
1025 3930 1049 3985 d)
1068 3930 1204 3973 descendere
1222 3932 1289 3972 Beris.

170 3986 192 4035 e)
211 3985 375 4033 subterfugiens
389 3985 456 4026 Rern.
510 3985 527 4036 l)
546 3985 711 4025 simulationem
725 3986 790 4028 Rern.

171 4127 199 4194 1)
230 4127 405 4178 Bartholdum
428 4141 521 4178 revera
545 4129 711 4194 expeditioni
735 4129 781 4180 illi
803 4130 959 4194 interfuisse
980 4128 1080 4196 probat
1103 4128 1203 4194 Heycle,
1230 4126 1291 4180 ‘Ge-

169 4197 283 4250 aehichta
307 4199 356 4249 der
373 4197 493 4263 Herzope
516 4214 565 4250 oon
586 4198 754 4266 lutrinum
774 4217 804 4267 p.
824 4202 866 4255 56.
910 4200 948 4251 At
972 4201 1041 4252 unde
1065 4200 1203 4252 cirrosi-sta
1227 4198 1292 4250 hose

170 4268 299 4336 hauserit,
313 4271 416 4335 tunore.
483 4270 511 4336 2)
526 4270 730 4322 Dieaetannua
743 4270 1045 4337 proeliiecBeraoldo.
1103 4269 1294 4338 43)Βινι1ιο1ιῑί
1309 4285 1337 4326 so

169 4354 272 4406 mmm,
290 4342 321 4392 de
338 4355 391 4407 quo
410 4338 469 4392 Otto
494 4340 537 4391 hie
560 4347 635 4407 tacet,
659 4342 799 4395 ebroniatc
823 4342 897 4410 apud
915 4343 1079 4395 Bernoldum
1104 4341 1141 4392 ad
1165 4342 1291 4397 a.1073.

169 4412 298 4464 invenisse
315 4413 427 4466 mitetur.
