2970 4950
521 435 702 494 ANNADDS
719 435 1010 494 MARBAGDNSDS.
1292 441 1326 495 27

207 627 356 702 cognovit
386 643 405 684 a
434 626 642 684 referentibus
672 626 856 702 angelorum
887 627 1037 702 obsequia
1065 630 1220 685 nocturno
1249 631 1326 685 tem·

207 732 282 791 pore
305 715 349 773 ibi
378 732 458 785 esse,
491 732 550 773 nec
578 715 679 773 ullum
708 715 890 772 mortalium
917 716 1019 774 saneti
1041 716 1141 773 velint
1162 717 1325 775 interesse.

209 803 306 863 Cuius
334 821 428 862 cause
456 805 605 862 noticiam
638 821 711 862 cum
743 804 952 878 disposuisset
983 805 1135 862 curiosius
1165 805 1326 880 indagare,

208 893 416 968 apostolicum
439 894 587 951 convenit
616 910 710 968 super
732 891 793 950 hac
823 909 857 950 re
882 894 1030 968 primum.
1078 893 1136 951 Oui
1159 911 1232 952 cum
1255 911 1326 969 apo-

176 983 340 1040 rstolious
363 983 541 1040 consulcius
564 982 734 1039 indidisset
764 982 825 1038 sibi
847 982 953 1039 minus
976 983 1099 1057 placere
1121 983 1211 1039 illum
1235 1000 1327 1059 ange·

208 1071 276 1128 licis
306 1070 476 1129 misteriis⁸
502 1071 664 1140 interesse,
696 1071 895 1145 parvipendit
924 1072 1091 1129 consilium
1121 1088 1201 1146 pape
1231 1076 1264 1129 et
1290 1087 1327 1129 eo

208 1159 374 1234 ignorante
404 1159 610 1234 proficiscitur
639 1160 673 1216 in
703 1162 845 1216 montem
868 1159 1015 1235 Gargani.
1063 1160 1124 1217 Ubi
1154 1161 1231 1217 dum
1260 1177 1327 1235 per-

208 1251 360 1318 noctaret,
394 1249 477 1307 inter
511 1251 615 1306 cetera
649 1265 729 1323 quae
763 1249 910 1322 cognovit
943 1252 1125 1307 sanctorum
1162 1237 1322 1306 misteriab

208 1337 334 1394 veniam
368 1340 557 1395 consecutus
592 1340 641 1395 est
675 1337 869 1412 angelorum,
904 1338 989 1412 quod
1018 1342 1137 1395 temere
1168 1341 1327 1395 sacratum

164 1445 190 1483 ro
207 1425 312 1484 locum
342 1426 520 1495 introierat;
551 1430 679 1484 tantum
702 1426 741 1483 ab
766 1427 886 1500 angelis
909 1430 1086 1501 prostratus
1109 1443 1165 1500 pro
1189 1427 1327 1501 quodam

208 1515 333 1584 iudicio,
363 1515 448 1590 quod
476 1514 646 1590 perfecisse
670 1514 823 1572 debuerat
851 1532 909 1572 neo
932 1515 1018 1583 iecit,
1048 1532 1104 1590 pro
1127 1516 1327 1591 negligentiis

208 1603 482 1661 transverberatus
517 1608 576 1661 est.
633 1603 755 1660 Deinde
793 1608 923 1661 sanctus
957 1604 1092 1661 Michael
1125 1605 1220 1662 iussit
1253 1622 1327 1662 eum
1390 1647 1398 1658 .

208 1693 341 1750 Romam
365 1709 515 1762 remeare,
545 1694 668 1750 statuto
691 1692 751 1749 sibi
774 1692 834 1762 die,
865 1709 927 1768 quo
957 1709 1031 1750 eum
1053 1692 1150 1751 vellet
1179 1693 1325 1750 invisere.

209 1780 320 1855 Sisque
343 1784 527 1839 cruentatus
550 1798 605 1838 rex
628 1781 761 1838 Romam
787 1782 952 1856 repedavit
974 1785 1007 1839 et
1029 1782 1200 1840 Benedioto
1222 1775 1327 1857 pape1

163 1886 189 1925 rs
207 1873 323 1928 cuneta
344 1887 364 1927 a
387 1887 421 1928 se
443 1871 513 1927 visa
534 1870 680 1928 retexuit.
718 1870 821 1944 Igitur
843 1886 897 1927 rex
919 1870 1024 1928 valido
1047 1871 1197 1945 languore
1221 1874 1325 1928 tactus

207 1959 274 2015 vita
297 1959 432 2016 decessit
455 1961 487 2016 et
509 1959 549 2016 ab
572 1959 761 2034 archangelo
784 1963 928 2033 receptus
958 1959 1079 2033 superis
1110 1963 1159 2016 est
1188 1960 1325 2016 sociatus

208 2070 292 2106 anno
310 2052 443 2106 Domini
461 2051 766 2122 DOOOOLXXXIIII3
785 2048 875 2105 cuius
894 2049 1023 2122 exequie
1044 2064 1099 2122 per
1117 2048 1401 2122 apostolieumrern.

208 2136 363 2211 condigno
385 2136 504 2194 honore
527 2136 692 2205 celebrate,
718 2141 747 2194 in
770 2141 879 2210 porticu
897 2142 983 2195 sancti
1000 2141 1077 2195 Petri
1101 2142 1249 2210 sepelitur;
1274 2158 1326 2210 pro

209 2229 280 2280 quo
297 2212 370 2266 filius
389 2213 472 2266 eius
491 2211 558 2267 Otto
576 2212 665 2266 adhuc
683 2229 752 2281 puer
769 2211 902 2282 regnavit.

162 2297 190 2336 ae
315 2282 399 2337 Anno
416 2282 529 2338 Domini
547 2283 748 2339 Deoccxov.
786 2283 933 2337 Heinrious
951 2283 1008 2336 dux
1025 2282 1158 2351 Bawarie‚
1176 2283 1326 2337 frater²

210 2353 357 2408 Ottonis
374 2352 513 2425 Magni,
533 2355 611 2423 obiit,
629 2355 705 2408 cuius
723 2355 853 2408 ducatum
871 2354 943 2407 filius
961 2355 1019 2408 eius
1030 2353 1179 2408 Heinrious
1197 2355 1325 2411 obtinuit.

315 2424 399 2478 Anno
417 2425 529 2479 Domini
546 2425 783 2482 Dccccxcvn.
813 2425 907 2479 Bruno
925 2424 997 2479 filius
1015 2424 1125 2479 Ottonis
1143 2425 1219 2478 ducis
1237 2425 1325 2479 Ale-

208 2495 610 2566 mannieRomepapa
629 2498 782 2550 electus
801 2501 837 2552 et
856 2497 996 2550 ordinatus
1014 2495 1209 2567 GregoriusV.
1226 2513 1325 2550 voca-

207 2569 279 2622 tur.
316 2566 382 2621 Otto
400 2584 459 2635 rex,
477 2568 596 2622 subactis
616 2568 764 2622 rebellibus
789 2569 827 2621 in
845 2568 934 2638 Italia,
960 2567 1096 2622 Romam
1120 2568 1284 2622 veniens
1309 2586 1326 2621 a

161 2635 404 2708 androgorio
427 2656 525 2708 papa
549 2639 799 2708 imperialem
823 2640 982 2707 accepit
1003 2639 1240 2695 unctionem.

313 2708 397 2763 Anno
415 2709 527 2764 Domini
542 2709 584 2768 M.
613 2709 702 2764 Rome
721 2710 850 2764 defuneto
869 2710 1005 2781 Gregorio
1027 2727 1100 2779 papa
1117 2709 1256 2778 Silvester‚
1279 2710 1326 2779 qui

208 2784 237 2832 et
256 2778 418 2848 Gerbertus,
432 2781 621 2837 successit.
657 2781 726 2834 Hic
744 2782 833 2850 primo
851 2780 1012 2850 Remorum,
1030 2785 1093 2851 post
1111 2780 1325 2836 Ravennarum

209 2850 435 2919 archiepiscopus,
453 2851 571 2906 seculari
588 2852 743 2906 litterature
759 2852 875 2906 nimium
893 2852 1002 2906 deditus
1027 2857 1055 2906 et
1080 2852 1116 2905 ob
1141 2853 1194 2906 hoo
1219 2853 1325 2907 curioso

206 2937 366 3010 imperatori
384 2939 533 2994 admodum
551 2944 657 2994 amatus
676 2940 755 2997 fuit.
790 2935 866 2993 Post
892 2937 981 2993 ouius
1005 2938 1138 2993 mortem
1163 2936 1203 2992 de
1226 2951 1325 2993 sareo-

161 3036 189 3075 ao
207 3022 311 3096 pbago
343 3022 409 3079 eius
440 3039 542 3098 usque
575 3023 669 3081 bodie
701 3023 806 3098 sepius
840 3025 942 3099 liquor
971 3025 1031 3082 olei
1060 3027 1203 3092 emanat;
1240 3023 1324 3098 quod

207 3111 415 3184 apostolieum
437 3113 489 3169 vel
517 3112 740 3187 imperatorem
769 3114 957 3171 moriturum
980 3113 1031 3171 vel
1056 3111 1175 3187 aliquid
1198 3112 1270 3168 miri
1293 3115 1325 3168 et

207 3200 281 3256 novi
303 3199 337 3256 in
361 3200 493 3276 eeclesia
516 3205 627 3258 sancta
649 3195 838 3275 portenditss.

312 3276 397 3330 Anno
415 3276 527 3331 Domini
543 3277 616 3333 ΜΠ.
653 3277 718 3332 Otto
736 3278 886 3347 imperator
903 3278 973 3331 obiit
991 3281 1037 3330 etc
1055 3275 1143 3344 Aquis
1161 3276 1324 3346 sepelitur03

205 3363 257 3414 pro
277 3365 329 3416 quo
348 3347 496 3402 Heinrious
514 3348 571 3402 dux
589 3348 713 3402 Bavarie
730 3366 780 3402 rex
798 3349 911 3403 effectus
929 3352 990 3404 est.

160 3442 188 3483 ao
313 3431 432 3488 Eodem
456 3448 540 3488 anno
555 3432 617 3489 Leo
640 3449 732 3506 papa,
757 3432 810 3506 qui
834 3435 866 3488 et
884 3419 1001 3499 Brimo,
1026 3431 1065 3488 de
1089 3433 1192 3488 castro
1208 3430 1483 3506 Egens-romanas

205 3518 290 3575 heim
313 3522 409 3577 natus
433 3514 513 3579 est4.
1481 3511 1484 3516 ’

204 3667 373 3759 ἓέωῐΐίἱιιὶιιοῖίίε
386 3680 404 3712 o.
479 3669 503 3717 b)
516 3669 642 3709 ministeria
654 3681 672 3711 s.
751 3671 771 3719 o)
787 3674 809 3708 et
824 3668 889 3717 aquis
902 3669 1010 3718 sepelitur
1024 3668 1047 3706 ln
1061 3669 1159 3717 margins
1172 3669 1245 3708 eodem
1258 3680 1324 3707 manu

266 3731 303 3760 um
316 3731 354 3762 ss.

206 3842 234 3911 1)
257 3845 378 3912 Minime,
400 3860 459 3898 enm
477 3846 634 3900 Benedictus
651 3847 711 3906 VH.
731 3852 792 3899 onte
815 3847 930 3898 reditum
950 3845 1052 3900 onmis
1071 3845 1110 3901 ΙΙ.
1135 3849 1257 3898 mortuns
1280 3848 1323 3902 eit.

158 3925 186 3964 40
204 3913 275 3967 Sane
299 3915 465 3984 Bernoldns,
490 3933 523 3968 en
547 3933 599 3984 qno
624 3934 703 3970 error
726 3921 864 3985 proscenis
888 3923 938 3984 est,
963 3919 1067 3969 demum
1092 3918 1129 3969 ad
1155 3933 1181 3971 a.
1205 3919 1265 3973 984.
1293 3919 1325 3970 ds

204 3985 335 4039 Iohannis
352 3988 432 4043 XIV.
451 3991 610 4042 monnone
626 4005 718 4056 pauca
735 3989 830 4044 badii.
901 3991 929 4056 2)
949 3988 1012 4040 Non
1029 3993 1113 4051 neom
1130 3989 1206 4054 filins
1223 3990 1325 4054 fratris

206 4055 310 4110 &nnn
326 4058 350 4113 I.
368 4066 438 4116 erut.
508 4061 536 4122 3)
552 4060 633 4112 Hane
650 4060 771 4126 fabulam
785 4062 878 4127 primo
897 4060 1030 4113 Iohannes
1047 4060 1175 4112 diaeonus
1192 4061 1222 4112 in
1241 4059 1324 4112 Libro

204 4127 236 4180 de
252 4129 357 4182 nolens
374 4130 558 4183 Lateranensi
574 4133 700 4183 nawaoit
718 4132 832 4198 (Migne,
852 4130 951 4186 Patnol.
970 4130 1032 4185 Lat.
1050 4131 1171 4197 CXCIV,
1188 4149 1217 4199 p.
1231 4132 1322 4196 1552).

203 4199 331 4263 Invenias
342 4216 399 4253 eom
412 4201 487 4268 apssd
497 4201 652 4254 Albonicnm
664 4202 725 4266 (SS.
738 4201 853 4266 XXIII,
870 4219 897 4270 p.
911 4203 975 4264 778)
992 4207 1016 4254 et
1027 4202 1116 4264 alins,
1134 4202 1169 4266 ef.
1183 4201 1323 4268 Schultess,

158 4279 186 4318 to
205 4269 304 4336 ‘Sagen
320 4271 385 4323 dher
403 4271 527 4325 silvester
543 4273 612 4333 113,-
635 4273 670 4328 A.
691 4273 773 4337 Gnaf,
792 4272 873 4336 ‘Mna
892 4273 1013 4339 lsgqnsde
1034 4288 1046 4324 e
1070 4274 1260 4340 superstiaioni
1282 4273 1325 4324 del

204 4342 288 4394 Μία
312 4343 364 4394 soo’
386 4343 427 4407 II,
452 4360 480 4411 p.
504 4345 538 4399 51
557 4359 635 4410 sid-l
661 4361 683 4399 v.
702 4344 854 4410 Ddllinysr,
880 4342 1073 4412 ‘Popstfabeln'
1096 4343 1135 4398 ed.
1158 4346 1184 4399 2.
1209 4361 1238 4411 p.
1262 4344 1322 4398 187.

203 4412 232 4480 4)
255 4412 295 4476 Of.
315 4412 429 4480 ernts'
446 4413 537 4467 Vitam
554 4415 652 4467 Manis
668 4415 721 4468 IX.
736 4430 825 4483 papae
842 4430 863 4469 o.
878 4417 902 4469 1.
