2970 4950
101 640 159 679 aad.
171 639 237 678 Ναοῦ.

73 856 76 860 .
161 799 239 854 1212.

247 437 282 491 82
562 428 743 484 ANNALllS
762 427 1050 485 mansuetasse.
1141 422 1143 426 ’

355 615 432 679 Ibi⁸
468 616 554 677 tunc
592 613 703 696 primo
742 611 834 694 cepit
868 611 988 676 haberi
1024 631 1106 675 usus
1144 611 1368 678 instrumenti

249 703 366 768 bellici
389 703 481 786 quod
504 701 608 785 vulgo
632 700 748 765 tribok
772 699 940 783 appellari
964 699 1052 764 solet
1062 699 1083 761 ¹.

354 784 623 875 lpsobtempore
635 789 731 853 facta
743 792 795 853 est
807 788 991 871 nugatoria
1002 789 1171 871 quaedam
1182 791 1365 874 expeditio,

248 881 364 966 pueris
383 882 419 945 et
437 879 554 944 stultis
571 877 768 942 hominibus
785 877 858 940 sine
875 875 991 960 aliqua
1008 877 1215 944 discretione
1230 879 1367 964 signum

249 970 359 1035 crucis
388 966 632 1052 arripientibus
667 966 877 1031 curiositatis
907 985 1011 1029 causa
1039 966 1155 1050 potius
1185 987 1289 1051 quam
1320 988 1397 1032 sas

248 1059 333 1122 lutis
343 1058 364 1119 2.
404 1056 599 1140 Pergebant
614 1057 730 1119 autem
751 1054 793 1117 de
809 1056 956 1136 utroque
972 1074 1056 1119 sexu
1070 1056 1170 1138 pueri
1190 1058 1226 1120 et
1241 1056 1366 1141 puelle,

248 1169 319 1210 uon
342 1145 452 1211 solum
477 1145 635 1220 minores,
660 1143 720 1207 sed
744 1143 849 1207 etiam
866 1142 987 1219 adulti,
1012 1147 1121 1227 nupte
1137 1164 1216 1208 cnm
1231 1145 1367 1229 virgini·

249 1237 324 1312 bus,
349 1238 471 1300 euntes
494 1254 604 1297 vacua
627 1251 799 1308 crumena,
831 1252 900 1295 non
930 1230 1042 1295 solum
1072 1252 1134 1316 per
1157 1236 1269 1297 totam
1292 1233 1368 1298 Ale·

248 1325 433 1399 manniam,
458 1323 518 1385 sed
542 1321 647 1386 etiam
670 1341 732 1405 per
754 1322 869 1404 partes
893 1318 1086 1383 Galliarum
1102 1323 1138 1386 et
1154 1321 1367 1405 Burgundie.

248 1413 322 1477 Nec
345 1411 488 1476 retineri
511 1413 671 1494 poterant
693 1407 888 1472 ullomodo
912 1429 933 1471 a
955 1409 1156 1492 parentibus
1180 1414 1216 1474 et
1240 1411 1366 1489 amicis,
1387 1432 1410 1471 ιο

249 1502 333 1584 quin
355 1500 439 1563 totis
463 1498 645 1562 conatibus
675 1498 742 1561 iter
765 1496 854 1560 illud
878 1497 1078 1580 arriperent,
1106 1498 1144 1561 in
1167 1501 1305 1562 tantum
1329 1504 1368 1563 ut

250 1589 376 1673 passim
399 1607 461 1671 per
483 1586 583 1650 villas
608 1590 642 1650 et
668 1605 778 1669 agros,
807 1584 939 1650 relictis
962 1586 1200 1651 instrumentis
1232 1588 1303 1651 suis
1334 1591 1369 1653 et

250 1677 316 1741 hiis
340 1697 427 1759 quae
450 1679 534 1739 tunc
564 1695 625 1758 pre
648 1673 807 1738 manibus
831 1673 1017 1752 habebant,
1042 1676 1303 1740 transeuntibus
1333 1697 1368 1742 se

250 1766 431 1829 sociarent.
478 1763 524 1826 Et
547 1765 637 1827 sicut
660 1763 705 1826 ad
727 1763 816 1827 tales
847 1763 1018 1827 novitates
1042 1783 1122 1848 sepe
1146 1767 1182 1828 et
1205 1765 1248 1831 de
1271 1765 1368 1830 facili

250 1852 391 1918 credula
414 1853 517 1917 turba
541 1872 667 1928 sumus,
700 1851 802 1914 multi
833 1851 970 1935 quidem
1002 1851 1162 1916 arbitrati
1193 1857 1275 1917 sunt
1305 1855 1368 1919 hec
1387 1875 1411 1914 u

142 1961 145 1967 ·
249 1963 320 2006 non
344 1943 386 2006 de
410 1942 552 2006 levitate
576 1941 711 2016 mentis,
748 1941 807 2004 sed
837 1960 898 2023 per
929 1939 1080 2004 divinam
1108 1941 1367 2024 inspirationem

250 2032 324 2096 fieri
348 2033 383 2095 et
407 2051 448 2095 ex
471 2030 619 2112 quadam
643 2029 790 2112 pietate;
816 2029 907 2092 unde
932 2032 967 2092 et
991 2027 1241 2095 subveniebant
1264 2031 1313 2096 eis
1331 2032 1369 2094 in

250 2120 416 2204 expensis,
456 2119 586 2182 victum
626 2122 662 2181 et
695 2118 887 2181 necessaria
921 2117 1167 2182 ministrantes.
1227 2119 1368 2185 Clericis

251 2212 366 2272 autem
391 2212 426 2272 et
450 2207 526 2270 aliis
551 2206 756 2288 quibusdam
780 2206 904 2289 quibus
928 2208 1002 2269 erat
1025 2226 1121 2271 meus
1148 2207 1263 2272 sanior
1293 2229 1368 2273 con·

250 2296 502 2361 tradicentibus
526 2298 562 2359 et
584 2295 653 2358 iter
674 2294 763 2357 illud
780 2315 907 2357 vanum
924 2296 959 2358 et
977 2295 1102 2359 inutile
1121 2295 1367 2375 iudicantibus,
1387 2319 1412 2357 ac

249 2385 472 2450 vehementer
496 2384 576 2446 laici
598 2383 815 2459 resistebant,
850 2383 1003 2447 dicentes
1039 2383 1181 2449 clericos
1215 2405 1288 2450 esse
1321 2386 1368 2449 in·

251 2474 409 2538 credulos
442 2473 601 2556 ipsosque
637 2474 777 2555 propter
811 2472 977 2535 invidiam
1012 2475 1048 2537 et
1081 2473 1264 2537 avariciam
1288 2475 1368 2538 huic

249 2562 345 2625 facto
380 2582 415 2624 se
455 2580 626 2644 opponere
662 2560 770 2643 magis
805 2580 906 2641 quam
941 2563 1083 2644 propter
1116 2562 1298 2626 veritatem
1335 2566 1369 2629 et

250 2650 434 2713 iusticiam.
502 2649 569 2713 Sed
607 2649 770 2731 quoniam
808 2668 908 2712 omne
946 2649 1125 2732 negotium
1165 2652 1256 2733 quod
1296 2652 1369 2716 sine

251 2738 433 2802 libramine
456 2737 601 2801 rationis
617 2740 653 2801 et
669 2738 741 2800 sine
757 2737 874 2820 vigore
894 2736 1029 2801 consilii
1044 2738 1152 2802 fuerit
1167 2739 1369 2804 inchoatum
1388 2760 1414 2800 aa

252 2846 322 2889 non
345 2825 473 2890 bonum
497 2825 640 2888 sortitur
664 2825 811 2889 exitum:
840 2829 1023 2909 postquam
1047 2827 1111 2891 hec
1135 2826 1262 2892 stolida
1285 2829 1369 2892 mul·

162 2911 163 2915 ’
250 2915 368 2978 titudo
392 2914 612 2998 pervenitad
635 2917 750 2997 partes
766 2912 893 2992 Ytalie,
919 2914 1037 2978 diffusi
1060 2917 1142 2978 sunt
1165 2919 1201 2980 et
1224 2916 1370 3001 dispersi

251 3023 314 3087 per
336 3003 492 3067 civitates
516 3005 551 3067 et
574 3003 710 3086 oppida,
736 3022 881 3086 quorum
900 3001 1003 3066 multi
1023 3003 1065 3068 ab
1085 3004 1258 3087 indigenis
1277 3009 1370 3072 terre

252 3093 387 3157 detenti
410 3095 491 3155 sunt
514 3092 551 3154 in
575 3110 689 3155 servos
713 3094 748 3154 et
771 3090 926 3155 ancillas.
964 3091 1037 3155 Alii
1056 3093 1219 3157 dicuntur
1236 3095 1370 3161 venisse

252 3181 294 3244 ad
320 3201 430 3256 mare3
456 3181 514 3262 qui
537 3179 672 3244 seducti
695 3200 715 3243 a
738 3180 855 3243 nautis
883 3184 918 3245 et
948 3181 1141 3244 marinariis
1170 3184 1371 3247 transvecti·
1390 3203 1416 3244 ro

252 3289 318 3352 que
342 3270 385 3333 ad
410 3269 495 3333 alias
519 3271 634 3352 partes
652 3271 822 3331 terrarum
843 3271 1002 3332 remotas.
1041 3270 1180 3353 Reliqui
1198 3291 1279 3335 vero
1297 3293 1370 3355 per·

251 3359 428 3422 venientes
462 3358 620 3432 Romam,
657 3376 734 3419 cum
768 3357 939 3433 viderent,
976 3359 1068 3440 quod
1104 3379 1174 3422 non
1209 3363 1372 3443 poterant

252 3446 379 3510 habere
402 3466 600 3530 processum
623 3448 745 3528 utpote
769 3445 868 3508 nulla
885 3445 969 3508 fulti
985 3448 1204 3524 auctoritate,
1228 3449 1371 3513 tandem

252 3535 406 3599 laborem
429 3556 529 3598 suum
553 3537 788 3615 cognoverunt
819 3553 891 3598 esse
914 3534 1077 3598 frivolum
1103 3538 1138 3600 et
1160 3536 1309 3614 inanem,
1336 3540 1371 3602 et

251 3628 367 3688 tamen
402 3645 422 3686 a
455 3626 537 3686 voto
572 3622 682 3686 crucis
718 3622 858 3686 minime
893 3623 1035 3686 fuerunt
1070 3624 1221 3688 absoluti
1255 3630 1372 3709 preter
1390 3645 1416 3686 ss

251 3733 375 3796 pueros
398 3712 491 3774 infra
518 3730 625 3775 annos
657 3710 873 3775 discretionis
904 3711 1089 3776 existentes
1124 3716 1159 3776 et
1194 3734 1251 3778 eos
1286 3735 1371 3797 quos

251 3801 385 3866 senium
410 3799 636 3883 deprimebat.
683 3799 738 3862 Sic
763 3819 845 3881 ergo
869 3800 1005 3883 decepti
1037 3804 1072 3865 et
1100 3802 1235 3866 confusi
1257 3804 1371 3868 redire

252 3956 273 4003 a)
288 3954 364 3993 achim
378 3953 484 4002 usquead
498 3953 561 4000 fissam
575 3954 687 3992 relationis
700 3953 764 3991 ausus
778 3954 830 3992 anani
843 3955 875 4002 (p.
891 3954 924 4003 84,
944 3955 958 3994 l.
975 3954 1011 4000 19)
1028 3957 1101 3994 omnia
1115 3957 1144 3994 ud
1158 3957 1270 3996 cronicam
1284 3957 1371 3996 lichen-

252 4007 375 4055 buryensem
390 4018 404 4044 a
418 4006 508 4045 librario
519 4005 665 4054 Neoburpensi
679 4007 755 4045 addita
769 4011 832 4053 sunu
847 4008 875 4054 cf.
891 4009 1074 4052 conamentam'um,
1123 4010 1145 4058 b)
1160 4011 1183 4047 tn
1197 4010 1294 4058 marciae
1305 4021 1372 4048 manu

253 4069 329 4099 coaeva
343 4069 397 4098 saec.
412 4059 480 4098 XIII
482 4072 489 4097 :
503 4060 538 4098 Ds
552 4060 690 4108 protectione
704 4070 832 4111 puerorum.
1389 4071 1417 4111 40

253 4172 280 4242 1)
307 4172 348 4237 Cf.
367 4188 453 4239 supra
475 4190 503 4240 p.
523 4175 566 4239 54,
588 4190 615 4229 a.
634 4176 659 4227 2.
678 4176 715 4226 ad
740 4191 764 4229 a.
784 4175 862 4230 1183.
952 4176 980 4241 2)
1009 4175 1050 4226 Dc
1075 4177 1126 4228 hue
1148 4178 1311 4243 eapediticaa
1336 4182 1371 4243 cf.

252 4244 383 4297 Rdhrictt
401 4245 431 4294 in
449 4243 626 4297 ‘Hetaerice
643 4243 813 4309 Zeitaetrift'
832 4245 971 4310 XXXVI,
988 4262 1019 4311 p.
1040 4248 1122 4314 lsqq.
1155 4248 1255 4304 Claros.
1274 4249 1372 4301 Ebora·

252 4314 382 4367 totmanno
394 4331 414 4368 c.
429 4316 463 4369 36
476 4314 536 4380 (SS.
550 4314 663 4381 XXIII,
675 4332 704 4382 p.
714 4319 781 4377 450)
792 4316 933 4368 Nicodzum
947 4317 1094 4382 puerulum
1107 4336 1124 4370 a
1136 4335 1210 4385 papo
1223 4320 1374 4373 Coloniensi

251 4387 392 4438 oeas'cntcm
410 4386 542 4438 ductorem
555 4402 704 4454 morum
722 4388 852 4452 desiccat.
