2970 4950
178 407 230 461 122
521 401 651 458 NOTAE
671 401 951 461 assensisses,

90 589 168 700 &5³1⁶-
283 582 395 648 *1251.
423 585 531 649 Foeta
546 589 599 650 est
618 586 727 650 stulte
746 589 923 670 postorum
940 586 1112 670 expeditio
1131 587 1169 651 in
1187 607 1294 672 regno

161 675 343 740 ‘Francise
353 672 375 734 1.

94 768 166 816 '‘t-³⁹·
284 762 419 826 *1261.⁸
457 763 625 827 Dominus
655 764 696 828 de
721 761 906 828 Gerolseok
936 764 1115 848 episeopus
1137 765 1295 848 Argenti·

76 823 292 933 ffijnensis
316 857 346 916 5.
370 851 512 916 Osiend.
537 845 638 916 Iuli.b
667 872 744 916 oum
768 852 916 916 maximo
941 853 1107 916 comitatu
1131 857 1167 917 et
1191 874 1295 917 manu

176 941 388 1007 validissima
429 941 611 1006 obsidebat
649 941 826 1006 civitatem
864 941 1152 1024 Argentinensem
1192 935 1328 1007 octobs

178 1031 298 1096 diebus
309 1030 330 1090 ².

90 1125 167 1179 1262.
287 1123 381 1182 1262.
417 1118 462 1181 ln
484 1138 600 1183 mense
620 1118 807 1182 Februario
827 1139 939 1182 eomes
958 1119 1185 1203 Rudolphus⁸
1209 1120 1294 1184 obsi·

106 1195 283 1273 Fir-debat
307 1211 457 1270 castrum
482 1208 524 1271 se
543 1207 730 1271 Melhusen
753 1207 909 1290 illudque
934 1208 1167 1272 destruxisse
1191 1209 1294 1272 somi-

177 1318 259 1361 num
278 1296 320 1359 de
337 1295 554 1373 Steinburne‚
578 1295 722 1360 fratrem
746 1296 880 1360 abbatis
897 1296 1199 1375 Murbseensis⁰·⁴,
1224 1319 1296 1361 una

178 1406 256 1449 oum
281 1389 322 1447 60
346 1384 427 1448 viris
455 1385 653 1468 captivavit.
1313 1400 1337 1439 10

90 1480 168 1534 1261.
285 1471 384 1536 Oives
397 1473 666 1555 Argentinenees
683 1495 786 1537 manu
803 1477 936 1537 armeta
950 1474 1129 1538 exiverunt
1145 1475 1182 1537 in
1193 1475 1294 1539 villas

95 1549 168 1597 (Μ’)
178 1561 345 1626 Ernolsen
370 1566 405 1624 et
432 1561 584 1626 Kolbsen
614 1562 760 1645 illasque
786 1563 823 1625 in
846 1563 1093 1646 praeiudicium
1122 1563 1296 1627 Waltheri

178 1650 329 1735 episcopi
351 1651 615 1733 Argentinensis
644 1651 889 1727 incenderunt;
921 1671 1006 1734 quos
1035 1655 1152 1715 tamen
1181 1652 1295 1716 dietus

178 1741 356 1824 episcopus
387 1760 465 1803 mox
495 1744 694 1824 persecutus
719 1742 784 1817 est;
815 1743 916 1804 etex
942 1741 1025 1823 ipsis
1050 1740 1180 1804 civibus
1205 1741 1296 1805 circe

178 1831 317 1893 eentum
342 1829 468 1912 partim
493 1829 595 1912 eapti,
621 1829 748 1912 partim
771 1828 926 1893 mutilati
949 1829 1062 1893 eunti
1314 1843 1337 1882 1⁵

89 1923 166 1977 1262.
284 1916 383 1981 Cives
417 1918 687 2000 Argentinenses
725 1918 904 1982 exiverunt
941 1918 978 1981 in
1013 1922 1163 1982 castrum
1198 1918 1295 1981 Lam-

54 1992 364 2091 (mepertheim
397 2006 521 2089 quibus
553 2007 688 2070 obviem
718 2007 782 2070 ivit
812 2007 972 2071 dominus
995 2007 1197 2071 Waltherus
1228 2007 1295 2090 epi·

178 2115 300 2180 scopus
324 2095 587 2177 Argentinensis
618 2115 688 2158 une
711 2116 788 2159 oum
819 2095 1045 2159 nobilioribus
1069 2096 1225 2160 Alsatiae
1255 2116 1294 2160 ee

177 2205 340 2267 magnum
360 2184 557 2248 habuerunt
576 2184 722 2248 invicem
742 2185 957 2262 conflictum
979 2204 1020 2247 ex
1037 2185 1160 2267 quibus
1177 2188 1294 2248 temen

177 2274 352 2337 nobilibus
375 2274 484 2337 maior
507 2277 657 2356 pareest
680 2273 874 2351 interfecta,
896 2277 931 2336 et
952 2275 1125 2357 superstes
1149 2273 1192 2336 ab
1210 2274 1294 2356 ipsis
1314 2294 1339 2332 eo

178 2362 309 2427 civibus
332 2361 642 2443 Argentinensibus
667 2357 863 2445 captivatae
890 2364 942 2426 est
952 2361 974 2421 ⁶.

178 2571 200 2618 a)
215 2570 237 2607 in
251 2570 291 2615 sol.
303 2570 336 2613 ³6.
349 2571 418 2608 medio
432 2571 455 2608 in
469 2574 528 2608 textu
542 2571 566 2609 P.
583 2571 649 2609 eveus
662 2571 741 2620 eodem,
758 2582 798 2620 quo
812 2571 906 2619 reliquae
919 2575 981 2609 notae
994 2571 1086 2617 scriptae
1099 2573 1155 2618 sunt,
1175 2573 1294 2608 atramento

178 2623 278 2661 eddidit:
293 2623 352 2666 1254.
368 2624 415 2662 Hoc
429 2634 488 2662 enno
501 2625 566 2674 [obiit
576 2634 617 2663 om.
628 2623 656 2675 n]
671 2624 807 2664 venerabilis
817 2623 919 2674 Hedwio,
934 2634 992 2672 quse
1006 2625 1049 2662 tuit
1062 2633 1108 2662 une.
1122 2634 1150 2662 ex
1165 2623 1257 2662 inclusis
1271 2624 1295 2662 in

178 2673 290 2724 Andelsu,
306 2676 384 2723 quales
397 2681 450 2715 tune
465 2677 570 2724 temporis
584 2677 652 2715 etiem
666 2682 730 2716 erent
743 2677 767 2716 in
781 2677 884 2726 Altovph.
906 2677 964 2716 Haeo
978 2688 1020 2715 non
1035 2687 1061 2714 ex
1074 2677 1202 2726 Annalibus,
1217 2677 1254 2714 sed
1268 2687 1294 2714 sn

100 2746 102 2753 .
178 2729 299 2777 necrolopio
314 2730 395 2768 eode‘es's
408 2730 505 2768 conradi
517 2731 624 2777 descripto
637 2730 1160 2779 8386Μί1ιίοοκειαέ)οβρναιῇειῳναρᾙθ.
1228 2731 1250 2777 b)
1265 2731 1293 2776 es.
1313 2727 1338 2766 20

178 2783 240 2828 infra
253 2794 273 2823 n.
291 2783 311 2825 2.
365 2780 387 2832 o)
400 2783 432 2821 tta
447 2794 465 2822 e.
520 2781 543 2834 (1)
558 2783 685 2832 captivatus
699 2795 716 2826 c.

178 2905 211 2958 Se'
234 2907 319 2972 ipitur
342 2908 508 2959 munsenleus
531 2908 562 2958 in
583 2922 677 2974 puqna
702 2908 776 2975 apud
800 2907 934 2959 Hd'nheim
959 2908 1099 2959 summissu
1125 2909 1222 2959 neonus
1246 2913 1293 2973 est,

179 2977 242 3028 haee
266 2978 345 3028 etiem
368 2978 404 3028 od
430 2995 454 3032 u.
476 2981 552 3034 1251.
578 2977 720 3043 resnendn
742 2983 813 3033 esset.
896 2980 923 3042 1)
942 2979 983 3043 Cf.
1002 2977 1107 3032 Rieher.
1127 2977 1220 3031 Senon.
1241 2978 1292 3042 IV,

178 3064 198 3102 e.
217 3051 251 3103 21
278 3048 337 3112 (SS.
359 3047 452 3114 XXV,
475 3066 505 3115 p.
523 3051 589 3109 310)
614 3056 637 3101 et
662 3051 734 3103 Ann.
760 3052 882 3116 fratrum
906 3049 1056 3102 Praedient.
1082 3050 1162 3113 infun
1184 3067 1213 3116 p.
1233 3051 1293 3104 128.

179 3127 202 3171 et
226 3136 253 3173 n.
272 3122 296 3173 4.
376 3120 404 3186 2)
430 3120 469 3185 Of.
495 3122 568 3176 Ann.
591 3122 755 3175 Moueumon.
780 3137 866 3187 supra
887 3138 916 3188 p.
937 3122 1003 3187 1083
1028 3119 1164 3186 Wiepand,
1191 3120 1294 3171 Bellum
1313 3132 1339 3170 so

188 3191 405 3242 Waltheriunum
427 3209 457 3259 p.
477 3193 523 3255 62,
550 3199 574 3244 et
601 3193 763 3257 Steinnsleer,
790 3193 854 3258 Rep.
883 3191 1070 3256 Hubeburpieo
1097 3207 1141 3244 nr.
1167 3193 1228 3244 831.
1261 3219 1292 3229 -

177 3261 249 3314 Sane
268 3263 385 3328 dubium,
411 3279 448 3314 on
466 3263 530 3325 dies,
555 3279 606 3329 qno
625 3263 725 3314 obsidio
744 3265 894 3331 coeptant,
919 3263 966 3314 hoe
984 3263 1036 3313 loeo
1060 3267 1128 3312 reete
1152 3263 1293 3316 indicetur.

178 3334 251 3385 Num
275 3334 317 3384 die
344 3337 386 3388 26.
405 3335 484 3386 Iunii
509 3334 602 3386 bellum
629 3334 745 3386 nondum
772 3341 889 3400 coeptum
911 3350 964 3386 esse
990 3334 1093 3384 videtur
1111 3333 1159 3396 (ef.
1179 3333 1295 3385 ‘strass-

178 3404 277 3471 burqer
300 3405 365 3459 ΠΒ.1
387 3405 414 3470 Ι,
440 3423 466 3472 p.
489 3407 554 3471 354,
584 3422 627 3459 nr.
652 3407 837 3469 469—471);
862 3404 891 3459 V.
917 3406 958 3458 Id.
983 3404 1052 3455 Iulii
1074 3405 1156 3455 amisi
1180 3405 1297 3469 episcopi

178 3491 211 3528 eu
235 3474 328 3528 cestris
352 3474 498 3529 Holzheim
524 3477 629 3528 litteras
654 3491 704 3543 pro
729 3474 803 3528 bono
828 3475 902 3543 pasis
927 3477 1072 3537 dederunt;
1097 3475 1139 3525 die
1165 3476 1206 3529 15.
1226 3474 1296 3525 Iulii
1314 3485 1339 3525 ss

178 3548 244 3598 cives
264 3562 298 3597 eu·
322 3548 387 3599 urhe
412 3550 575 3615 eruptionem
599 3548 718 3612 feserunt
741 3545 797 3613 (die
814 3546 841 3600 b.
861 3545 1054 3615 Margareihee
1073 3545 1176 3597 Bellum
1194 3546 1294 3598 Wann.

179 3632 200 3676 e,
220 3621 244 3682 7,
269 3617 318 3672 SS.
336 3617 440 3685 XVII,
460 3636 489 3686 p.
511 3620 582 3687 100),
602 3624 665 3684 poet
690 3633 772 3684 quam
796 3620 886 3670 stetim
911 3618 1031 3668 indutiae
1056 3619 1143 3682 foetae
1166 3622 1229 3668 suut
1247 3619 1293 3681 (cf.

184 3688 315 3754 Wiepund
340 3690 355 3744 l.
381 3706 402 3742 o.
423 3706 453 3756 p.
474 3691 528 3755 64).
618 3688 645 3758 3)
672 3689 712 3740 De
738 3688 895 3755 Habeburp,
920 3690 955 3753 of.
982 3689 1085 3739 Bellum
1109 3687 1206 3742 Walte.
1232 3689 1250 3741 l.
1276 3689 1293 3741 l.

178 3776 198 3813 e.
219 3762 260 3814 13.
281 3762 328 3825 14,
349 3777 379 3826 p.
400 3763 451 3816 108
463 3776 500 3827 sq.
527 3765 550 3811 et
570 3759 676 3812 Rioher.
699 3759 794 3814 Senon.
817 3760 848 3823 V,
875 3775 895 3814 e.
916 3762 949 3815 16
975 3759 1036 3824 (SS.
1056 3758 1148 3822 XXV,
1170 3775 1200 3825 p.
1220 3760 1293 3818 342).

177 3831 206 3896 4)
227 3829 368 3882 Buteoni
390 3833 421 3882 de
440 3832 605 3884 Steinbennn
629 3848 663 3882 eu·
686 3836 761 3896 pente
782 3831 904 3882 Alsntiae
928 3831 1079 3898 superioris
1085 3845 1097 3892 ;
1123 3831 1159 3894 ef.
1177 3830 1295 3880 Kindler
1313 3843 1340 3880 40

178 3918 201 3956 o.
227 3901 376 3966 Knobuoh,
404 3903 470 3953 ‘Der
497 3903 550 3953 otte
576 3903 647 3953 Adel
672 3904 710 3952 im
735 3901 898 3954 Oberelsuss’
921 3918 950 3968 p.
973 3904 1023 3966 89,
1047 3906 1071 3953 et
1097 3901 1204 3966 Getrio,
1234 3899 1294 3951 ‘Die

145 4028 146 4031 Ἴ
178 3971 257 4023 Aous
272 3971 418 4023 Munbueh'
436 3973 466 4037 Ι,
486 3989 516 4039 p.
535 3975 596 4027 312.
675 3975 702 4040 5)
721 3971 774 4024 His
796 3974 963 4040 supplentur,
987 3988 1054 4039 pune
1071 3973 1102 4022 de
1120 3971 1171 4022 huo
1189 3971 1294 4038 expedi-

178 4044 247 4093 tdme
265 4044 294 4094 in
313 4043 387 4094 Bello
405 4043 589 4095 Waltheriano
607 4059 627 4098 e.
648 4045 690 4109 11,
712 4060 741 4111 p.
760 4046 811 4099 107
824 4060 862 4111 sq.
882 4044 1037 4096 traduntur.
1075 4042 1147 4095 Unde
1165 4043 1295 4107 Wiepnnd

180 4113 197 4166 l.
216 4129 236 4168 o.
257 4130 287 4180 p.
304 4116 346 4168 08.
365 4119 431 4165 reete
453 4115 489 4165 nd
507 4115 616 4167 eundem
633 4116 823 4183 expeditionum
843 4114 979 4181 probatur
996 4115 1117 4166 retulisse
1141 4114 1295 4165 relationem

178 4183 291 4235 Bioneri
313 4185 407 4238 Senon.
430 4185 459 4250 V,
485 4200 505 4239 e.
527 4188 568 4250 15,
595 4185 612 4237 l.
633 4202 654 4240 e.
676 4203 705 4252 p.
725 4189 792 4241 341:
818 4183 900 4238 Unde
925 4184 1042 4253 contigit
1066 4183 1138 4251 ipsos
1163 4182 1295 4252 Argenti·
1312 4196 1339 4236 te

178 4270 274 4307 nenses
299 4253 333 4308 de
359 4254 469 4309 civitate
496 4256 605 4309 incaute
632 4255 715 4311 exire.
759 4254 833 4325 Quos
860 4255 960 4309 milites
987 4254 1107 4322 episcopi
1134 4253 1294 4308 invadentes

179 4323 310 4392 quosdam
337 4325 522 4394 trucidarunt,
550 4325 682 4394 quosdam
709 4343 774 4381 vero
803 4327 1018 4396 captivaverunt.
1099 4327 1126 4394 8)
1153 4325 1196 4391 Cf.
1220 4328 1293 4381 Ann.

178 4395 345 4453 Maurv'mon.
363 4414 451 4466 supra
465 4415 494 4466 p.
512 4400 572 4454 108.
