2970 4950
222 448 240 501 2
538 438 718 494 ANNALES
739 437 1027 494 MARBAGENSES.

148 634 214 673 aas.
330 620 413 673 Anno
438 617 549 672 Domini
574 615 727 671 DCXLVI.
770 615 856 670 Beata
883 614 1034 670 Gerdrudis
1058 615 1144 685 virgo,
1169 615 1225 668 filia
1252 614 1343 684 Pipini

224 691 339 759 ducis,
367 707 444 744 soror
462 687 624 754 (isimoaldi,
651 687 804 740 Nivelensis
823 687 930 741 cenobii
948 690 1044 753 mater,
1070 687 1216 740 virtutibus
1235 687 1342 743 claruit.

223 762 314 816 Huius
333 778 410 817 soror
427 760 523 829 Begga
542 762 570 813 et
588 759 647 827 ipsa
665 758 793 828 religiosa
810 758 917 827 Angiso
936 758 1022 810 sancti
1037 756 1147 811 Arnulfi
1165 757 1223 811 filio
1242 758 1341 826 nupsit.

97 833 517 900 an.rnr.sanntns1quoque
537 830 670 883 Arnulfus
689 828 867 882 Metenais
892 828 1103 897 episcopua,
1131 846 1194 882 cum
1220 833 1289 882 esset
1313 829 1342 882 in

223 904 364 958 iuventute
383 903 448 970 dux,
467 902 563 972 genuit
581 901 719 969 Angisum
737 899 849 968 ducem,
877 898 998 968 Angisns
1024 899 1065 952 de
1083 898 1206 969 Begga
1230 917 1342 953 uxore
1363 916 1376 955 a

223 976 319 1098 {enuit
336 973 485 1043 Pippinum
503 972 609 1038 ducem,
629 972 688 1038 qui
706 971 794 1025 maior
812 970 909 1023 domus
927 970 1033 1040 regni
1049 970 1237 1024 Francorum²
1256 974 1341 1028 erat.

247 1046 355 1114 ippinns
380 1044 477 1114 genuit
499 1043 636 1098 Karolnm
660 1041 795 1095 seniorem
821 1045 849 1095 et
874 1041 972 1094 ducem
998 1045 1032 1094 et
1056 1042 1201 1095 maiorem
1227 1041 1344 1096 domus⁸

223 1116 454 1171 Francorum.
497 1113 618 1167 Karalus
645 1112 740 1181 genuit
765 1111 1017 1165 Karlomannum⁴
1045 1115 1080 1165 et
1097 1111 1254 1181 Pippinum,
1282 1113 1343 1181 qui

224 1188 341 1242 maiores
359 1186 472 1239 domus*
491 1184 596 1254 regni
619 1186 732 1238 erant.
767 1181 900 1251 Pippinus
917 1186 1046 1251 postea
1062 1201 1112 1237 rex
1129 1184 1224 1253 genuit
1242 1183 1342 1237 Karlo·

225 1257 388 1312 mannum⁶
407 1261 440 1309 et
459 1256 595 1310 Karolnm
613 1271 716 1324 regem,
738 1259 861 1322 postea
880 1255 1081 1322 imperatorem,
1100 1259 1342 1324 cognomento
1364 1273 1391 1312 ro

224 1329 368 1398 Magnum,
387 1327 477 1380 utin
496 1325 734 1394 sequentibus
753 1325 898 1394 planius
917 1324 1070 1378 dicetur.

149 1413 215 1451 ann.
333 1399 416 1451 Anno
440 1397 551 1451 Domini
569 1395 755 1451 DOLXVIII.
799 1395 840 1449 In
866 1395 1343 1465 orientisspartibustmn-

226 1469 360 1523 stantinus
389 1468 496 1522 huius
532 1468 689 1522 nominis
725 1466 807 1523 ΙΙΙΙ.
844 1468 1047 1535 imperator
1074 1466 1245 1521 Romanis
1280 1469 1343 1520 im·

226 1557 367 1627 perat⁸3
409 1552 498 1609 cuius
536 1551 730 1627 temporibus
771 1540 1125 1629 iConstantinopolis7
1163 1546 1344 1629 septennio

225 1635 362 1700 obsessa
385 1654 448 1699 nec
470 1637 589 1698 tamen
612 1637 664 1698 est
695 1636 805 1717 capta.
858 1633 928 1696 Sub
959 1634 1078 1698 eodem
1103 1629 1392 1699 Constantino¹1s

225 1731 332 1787 floruit
365 1730 477 1787 beatus
508 1729 677 1786 Nicholaus
714 1729 982 1803 archiepiscopus,
1021 1729 1075 1803 qui
1116 1732 1226 1803 postea
1258 1730 1344 1804 apud

228 1819 371 1893 Myream
405 1819 464 1875 sub
495 1819 672 1875 Iustiniano
701 1818 821 1875 minore
851 1818 1039 1893 imperatore
1070 1835 1153 1875 anno
1189 1819 1344 1875 dominice

225 1907 453 1964 incarnationis
475 1893 694 1963 innatant.b
717 1907 865 1981 migravit
887 1908 929 1963 au
951 1901 1153 1964 Dominum&

332 1996 452 2054 Eodem
475 1999 616 2070 tempore
639 1996 752 2053 beatus
768 1996 963 2070 Arbogastus
981 1985 1153 2064 sentinat,
1171 1997 1225 2070 qui
1242 1996 1345 2052 filium

227 2085 397 2160 Dngoberti
420 2102 439 2141 a
462 2088 562 2142 morte
586 2084 762 2153 suscitavit,
787 2087 819 2141 et
842 2084 1028 2153 Florentius,
1053 2085 1108 2159 qui
1136 2085 1234 2141 filiam
1265 2085 1345 2141 eius·
1364 2101 1392 2139 ao

228 2175 301 2231 dem
323 2175 405 2250 regis
429 2191 448 2230 a
478 2174 624 2231 demonio
646 2176 795 2230 vexatam
823 2173 978 2242 liberavit,
1002 2175 1175 2249 Argentine
1205 2174 1345 2231 vicissim

229 2264 434 2320 succedentes
458 2263 596 2337 episcopi
618 2263 799 2319 claruerunt
807 2257 829 2319 ⁹.

103 2334 217 2426 mssffl·
334 2341 417 2394 Anno
442 2339 553 2392 Domini
574 2337 776 2395 DOLXXIIII.
819 2339 993 2408 Dagobertus
1018 2357 1067 2393 rex
1092 2340 1168 2407 obiit,
1195 2344 1229 2393 et
1253 2339 1346 2392 filii¹⁰

147 2417 151 2426 '
181 2398 385 2464 ¹⁸‘eiusduo
404 2427 515 2479 regno
534 2410 821 2466 substituuntur.
859 2410 1038 2479 Sygebertus
1058 2428 1120 2464 cum
1138 2410 1257 2479 Pippino
1276 2411 1346 2464 duae

227 2487 262 2536 et
289 2482 423 2534 maiore
451 2480 573 2533 domus
601 2498 638 2534 re
668 2480 699 2534 ie
727 2480 939 2548 Austrasiam,
965 2480 1117 2535 Olodoveus
1144 2482 1234 2535 iunior
1252 2483 1392 2535 eumuna

85 2533 378 2627 fflfflfflnnthilde
402 2555 516 2604 matre
540 2555 574 2604 et
591 2499 765 2606 Eraffiinoldo
786 2553 896 2604 maiore
915 2552 1011 2605 domus
1035 2554 1136 2623 regie
1155 2553 1347 2606 Francinm

100 2627 265 2682 maranisi
282 2621 531 2692 Burgundiam
557 2621 710 2691 accepit.
748 2622 913 2693 Sygebertus
937 2640 988 2676 rex
1006 2624 1116 2677 Austri
1133 2622 1251 2693 Pippino
1277 2623 1346 2677 duce

229 2783 250 2834 a)
270 2783 393 2822 orientibus
408 2794 425 2821 c.
494 2783 517 2832 b)
537 2793 584 2821 eum
603 2794 672 2821 annus
688 2784 771 2822 incarn.
791 2794 856 2832 roano
870 2784 989 2823 Iustiniani
1007 2796 1050 2823 non
1069 2785 1185 2834 conueniat,
1204 2785 1252 2832 fleri
1266 2788 1345 2834 potest,

229 2840 252 2874 ut
266 2835 427 2875 DGLXXXIII.
442 2836 553 2883 leuandum
566 2837 602 2875 sit.
671 2837 690 2887 c)
710 2837 785 2876 extitit
799 2838 822 2875 in
835 2837 933 2885 marptne
947 2842 998 2886 post
1014 2848 1083 2877 nocam
1099 2839 1236 2886 Arbogastus
1254 2839 1287 2884 (tn
1305 2839 1348 2886 fine

229 2891 298 2927 lineas
310 2889 424 2937 sonitant)
442 2890 515 2927 cadmi
532 2901 599 2928 manu
617 2890 665 2932 artai.
674 2902 683 2936 ;
701 2891 744 2929 nisi
761 2890 837 2939 satior,
859 2891 885 2929 ab
904 2892 950 2939 i1nso
969 2891 1061 2930 librario
1076 2891 1223 2939 Neoburpensi
1236 2902 1279 2929 non
1293 2895 1347 2930 reeta
1366 2897 1394 2936 30

230 2943 332 2982 areunae
344 2942 521 2990 Hohonburpensi
535 2944 645 2985 insertum.

231 3069 257 3134 1)
278 3065 393 3119 Sanctus
407 3096 440 3105 —
453 3064 588 3136 Magnum
606 3068 635 3132 (i.
651 3071 697 3129 11)
715 3085 749 3120 oco
760 3069 884 3134 Myanda
896 3068 997 3121 Karoii
1013 3069 1064 3133 (ed.
1077 3069 1232 3134 sensenna)
1245 3069 1268 3134 I,
1287 3084 1307 3123 a.
1323 3072 1346 3123 1.

229 3140 257 3202 2)
277 3138 317 3202 Of.
331 3138 493 3190 Bernoliiam
506 3140 542 3190 od
560 3156 585 3193 a.
600 3141 659 3193 714.
724 3139 751 3208 3)
772 3140 814 3203 Cf.
827 3139 923 3190 ibidem
935 3141 971 3191 ad
989 3155 1015 3194 a,
1029 3141 1089 3194 726.
1153 3139 1180 3208 4)
1196 3141 1237 3202 Cf.
1251 3140 1347 3192 ibidem

230 3210 266 3260 aei
284 3224 309 3263 a.
324 3212 383 3265 741.
474 3210 501 3278 5)
530 3211 571 3273 Cf.
592 3210 686 3261 widem
706 3211 742 3260 ad
761 3225 785 3263 a.
800 3211 860 3264 768.
894 3211 897 3219 “
952 3212 979 3277 6)
1004 3210 1033 3261 in
1052 3210 1164 3262 orientis
1182 3210 1306 3278 partibus
1324 3218 1347 3263 et

229 3278 362 3332 Romania
380 3279 497 3348 imperat
515 3283 622 3347 saepias
640 3280 766 3332 Historia
784 3280 913 3334 Misoeiia.
1022 3280 1048 3350 7)
1075 3282 1116 3347 Of.
1134 3287 1224 3333 notam
1243 3285 1346 3349 marpi—
1367 3299 1393 3338 aa

229 3352 316 3403 nalem
334 3367 400 3406 eaeo.
413 3352 497 3406 XIII.
517 3353 571 3407 aad.
584 3353 702 3404 lanensis
719 3351 768 3415 foi.
780 3352 822 3405 73.
843 3353 880 3402 aii
897 3351 997 3404 Ottonis
1010 3353 1131 3418 Frisiny.
1150 3353 1299 3406 chronicon
1316 3354 1346 3419 V,

229 3437 249 3476 a.
261 3424 310 3476 12:
327 3421 423 3475 eodem
435 3425 560 3490 tempore
573 3421 822 3490 Constantinopolis
841 3422 949 3488 obsessa
967 3420 1019 3474 fuit
1031 3422 1091 3476 VII
1110 3424 1186 3476 annis
1200 3423 1348 3491 aquodam

230 3492 300 3544 stolo
320 3496 347 3545 et
364 3509 421 3546 non
440 3497 528 3561 capta,
547 3494 593 3546 nii
610 3496 679 3546 miro
696 3508 788 3546 eroon
806 3493 890 3546 stolus
909 3511 962 3546 non
980 3495 1081 3560 aiassis,
1099 3496 1145 3546 sod
1165 3511 1281 3562 persona
1306 3498 1349 3546 in-

229 3564 368 3630 telieqitnr.
400 3565 504 3616 Notitia
516 3581 549 3616 oa
560 3565 688 3617 Historia
700 3564 821 3616 Miscelia
840 3566 891 3628 (eit.
904 3565 1104 3632 Eyssenhardt)
1115 3566 1195 3631 XXI,
1215 3582 1235 3618 o.
1250 3568 1290 3620 14.
1306 3569 1346 3622 15.

232 3635 333 3686 hanna
356 3641 401 3689 est.
510 3639 537 3702 8)
563 3636 603 3687 Do
621 3651 641 3689 s.
661 3636 776 3700 Nysaioi
793 3636 931 3700 Marenen
947 3639 1001 3688 oita
1019 3644 1043 3689 et
1061 3643 1175 3703 temporo
1195 3638 1267 3689 nihii
1291 3639 1349 3699 fere
1366 3654 1394 3692 40

230 3712 350 3768 constat;
375 3706 470 3772 quibos
494 3707 524 3756 ds
542 3709 630 3758 conen
651 3707 811 3772 tenporibus
835 3708 1006 3759 Constantini
1022 3708 1072 3761 IV.
1099 3714 1121 3758 et
1141 3709 1291 3760 [asiniani
1307 3709 1347 3763 II.

231 3783 342 3829 aetnam
367 3779 424 3827 ains
449 3778 595 3828 attribuere
618 3777 738 3828 Annales
762 3777 947 3830 Marbaoenses
972 3778 1081 3830 adanon
1104 3781 1167 3845 sint,
1192 3779 1346 3844 Faltonius,

231 3847 326 3898 Sancti
341 3847 448 3898 Niaoioi
465 3848 532 3898 Acta
549 3849 714 3913 primipenia
731 3847 856 3915 (Neapoli
869 3851 950 3907 1751)
964 3865 993 3914 p.
1009 3852 1050 3903 13.
1069 3851 1198 3916 esposuit.
1236 3850 1348 3901 Falsam

230 3917 339 3968 eandem
357 3919 506 3982 opinionem
524 3933 578 3969 non
602 3933 620 3968 a
644 3924 736 3970 nostro
760 3920 902 3984 inuentam,
928 3920 973 3970 soii
995 3922 1171 3987 saiiptoribus
1195 3937 1261 3974 soso.
1280 3920 1347 3974 XII.

231 4003 390 4040 communem
408 3988 494 4050 facian
512 4004 552 4043 ea.
570 4005 613 4054 qr.
632 3989 805 4041 Monumenta
823 3990 1034 4057 Epternaaensio
1053 3992 1114 4056 (SS.
1133 3992 1246 4057 XXIII,
1261 4008 1291 4057 p.
1304 3994 1348 4047 45.
1366 4005 1393 4046 st

230 4060 274 4113 46.
291 4061 340 4119 53)
354 4057 480 4125 probant.
518 4059 561 4122 Cf.
579 4061 659 4112 otiam
678 4065 769 4111 notam
787 4061 963 4127 marpinaiom
981 4078 1046 4114 saio.
1059 4063 1143 4118 XIII.
1162 4065 1216 4117 aod.
1230 4063 1349 4115 [eamn

231 4129 314 4193 2573:
334 4128 384 4180 sub
403 4128 455 4180 isto
469 4127 647 4182 Constantino
665 4129 759 4183 floruit
777 4131 872 4185 beatus
885 4130 1015 4185 Nicolaus
1033 4134 1183 4202 episcopus.
1256 4133 1283 4202 9)
1304 4134 1347 4198 Cf.

230 4200 368 4265 Mandas
401 4217 421 4254 s.
453 4201 601 4267 Arbayesti
635 4208 658 4253 ot
687 4220 708 4255 s.
740 4204 873 4256 Iterentii
907 4206 982 4272 apud
1013 4207 1188 4271 Grauitatis,
1221 4205 1350 4257 ‘Histoire

231 4254 393 4352 ainana
409 4272 440 4324 a
452 4271 630 4339 seranna
644 4274 684 4338 Ι),
700 4292 730 4341 p.
743 4277 787 4339 so,
799 4291 842 4329 nr.
857 4276 905 4342 18,
921 4294 950 4343 p.
964 4279 1007 4341 aa,
1019 4292 1062 4330 nr.
1076 4280 1119 4331 aa.
1194 4275 1237 4344 10)
1251 4274 1302 4328 fini
1316 4306 1347 4316 .-

230 4339 320 4397 fimvit
337 4358 371 4393 ea
388 4342 472 4395 Libro
489 4344 562 4397 Hist.
582 4345 681 4399 Frons.
700 4360 720 4399 a.
736 4349 779 4400 42.
799 4348 842 4400 43.
916 4349 960 4414 11)
989 4363 1052 4399 cum
1070 4346 1171 4400 Nanth.
1191 4350 1219 4400 et
1237 4345 1347 4403 Erchin.
1367 4362 1393 4403 so

230 4412 334 4466 maiore
353 4411 449 4466 domus
468 4415 505 4479 of.
524 4415 803 4471 coronationem.
822 4420 874 4473 o.4
891 4417 952 4483 (SS.
971 4419 1084 4484 XXIII,
1098 4435 1128 4485 p.
1141 4420 1214 4486 433).
