2970 4950
516 420 700 477 ANNALES
718 420 1010 480 MARBAOENSES.
1291 425 1324 479 17

203 597 379 668 refrigerium
410 597 521 666 aliquod
551 616 584 653 ae
620 597 752 653 relevatio
790 597 975 652 misericordie
1005 597 1171 668 proveniret.
1222 597 1325 652 Huius·
1334 609 1399 649 reni.
1410 620 1427 653 ο.
1435 610 1468 652 21.

204 669 299 723 modil
329 669 504 738 operibus
534 670 695 724 dilectus
725 670 798 724 Deo
828 669 988 723 Karolus
1017 669 1131 724 minime
1160 669 1326 738 gravabatur

204 741 292 794 sciens
300 740 318 808 ²,
337 741 401 809 quia
422 739 524 794 fiducia
548 758 650 811 magna
676 757 768 794 coram
785 741 844 794 Deo
869 743 940 794 esset
964 739 1120 796 elemosina.
1163 739 1251 794 Erat³
1270 740 1451 800 elo-Lernan

204 811 316 880 quentia
334 811 460 880 copiosus
478 814 506 865 et
528 812 680 866 exuberans
705 816 868 880 poteratque
893 812 1021 880 quicquid
1045 811 1130 865 vellet
1155 812 1325 880 apertissime
1334 822 1399 864 arne.
1408 834 1425 863 ο.
1435 823 1469 864 ab.

172 895 186 934 e
205 883 367 952 exprimere,
391 881 502 953 lingua⁴
521 882 621 936 Latina
645 899 677 936 ac
701 887 842 951 paterna
866 898 935 950 eque
960 883 1097 951 utebatur,
1119 881 1453 942 Teutonicanecxar.

203 953 355 1024 plurimum
385 953 532 1007 instructus
564 958 635 1022 erat,
666 952 804 1007 Grecam⁵
833 970 899 1006 vero
929 953 1027 1008 melius
1056 952 1212 1023 intelligere
1242 970 1325 1021 qnam
1333 964 1467 1009 sinuare.

203 1024 385 1094 pronunciare
400 1028 519 1093 poterat.
548 1025 632 1078 Artes
649 1024 775 1079 liberales
793 1024 920 1078 studiose
938 1025 1024 1078 coluit
1037 1041 1185 1092 earumque
1198 1024 1324 1079 doctores

203 1095 355 1166 plurimum
381 1098 525 1150 veneratus
550 1099 612 1151 est.
655 1095 784 1150 Discebat
804 1098 892 1148 artem
919 1095 1096 1164 computandi
1121 1099 1150 1149 et
1173 1095 1324 1149 intentione

205 1167 296 1235 sagaci
323 1166 452 1234 syderum
479 1183 588 1220 cursum
619 1166 731 1220 curiose
760 1166 921 1222 rimabatur.
970 1166 1066 1220 Inter‘i
1094 1166 1247 1219 cenandum
1278 1169 1325 1219 aut
1333 1178 1362 1216 u.
1373 1188 1391 1216 c.
1400 1178 1433 1217 24.

159 1251 186 1288 10
205 1237 317 1305 aliquod
344 1253 454 1292 acroma
482 1240 530 1290 aut
556 1238 688 1291 lectorem
715 1237 852 1291 audiebat.
898 1236 1077 1306 Legebantur
1100 1238 1126 1290 ei
1150 1236 1272 1305 hystorie
1296 1241 1325 1290 et

205 1308 380 1376 antiquorum
391 1325 489 1378 regum
505 1311 590 1378 gesta.
620 1307 729 1362 Libris⁷
746 1308 838 1362 beati
850 1309 897 1362 Au
936 1309 1000 1361 stini
1015 1307 1178 1378 invigilavit,
1196 1308 1386 1376 precipueneq.
1396 1319 1454 1357 Kar.

98 1425 100 1430 .
204 1380 247 1433 his
268 1379 315 1447 qui
339 1379 373 1432 de
398 1379 508 1433 civitate
525 1379 578 1433 Dei
602 1382 666 1432 sunt
689 1379 851 1447 intytulati.
916 1396 977 1448 pse
1002 1396 1169 1449 namque,
1194 1379 1326 1433 diversis⁸

204 1450 331 1504 tribubus
361 1455 389 1504 et
418 1449 527 1519 populis
557 1449 710 1503 orthodoxe
739 1449 804 1504 fidei
833 1451 976 1504 karactere
1007 1450 1177 1520 insignitis,
1213 1449 1325 1518 libr0s⁹,

205 1538 470 1646 quorumdmagssam
488 1521 597 1590 copiam
615 1521 852 1591 compilaverat,
877 1521 975 1575 circa
993 1521 1105 1575 finem
1123 1521 1199 1575 rite
1224 1521 1327 1592 larga

161 1604 186 1642 1s
204 1609 309 1646 manu
349 1591 408 1646 istri
426 1593 489 1648 uit.

311 1680 395 1734 Anno
412 1679 548 1734 dominice
563 1680 760 1734 incarnationis
772 1679 1035 1735 DOOLXXXHI.¹⁰
1061 1679 1211 1750 Hyltegart
1222 1680 1326 1750 regina,
1336 1693 1400 1735 aeria.

204 1768 276 1805 uxor
292 1753 382 1820 eius,
399 1752 476 1808 obiit.
504 1750 638 1805 Eodem
654 1768 745 1805 anno
757 1751 889 1806 Bertha¹l
901 1755 990 1805 mater
1003 1753 1069 1821 eius,
1081 1769 1164 1820 quae
1178 1751 1251 1820 apud
1264 1769 1327 1805 eum
1335 1763 1427 1806 sinus
1437 1762 1470 1801 re.

204 1824 234 1876 iu
252 1839 352 1892 magno
370 1822 475 1876 honore
493 1826 628 1891 senuerat,
646 1822 724 1876 vita
742 1822 858 1877 decessit
877 1826 911 1876 et
936 1822 1009 1892 apud
1035 1823 1202 1876 maritum
1228 1840 1326 1876 suum

205 1893 401 1963 Pippinum
419 1892 587 1947 Parisius
606 1893 797 1963 sepelitur.

161 1995 187 2032 ro
312 1983 395 2036 Anno
404 1981 427 2012 ¹²
444 1981 524 2051 regni
543 1981 674 2035 Karoli
686 1980 812 2051 Magni
825 1981 917 2038 XLII.
937 1982 1005 2035 obiit
1018 1981 1153 2052 Pippinus
1170 1981 1242 2034 filius
1261 1982 1326 2051 eius,
1338 1995 1431 2043 maan.

205 2070 255 2107 rex
266 2052 348 2107 Italic
356 2052 386 2109 ¹³.
417 2051 549 2121 Sequenti
561 2070 633 2106 anno
647 2051 766 2107 Karclus
778 2053 978 2122 primogenitus
991 2053 1048 2106 eius
1062 2054 1139 2106 vita
1157 2052 1326 2106 decessit.

206 2123 287 2178 Solus
305 2123 468 2178 Lvidewicus
486 2123 521 2177 ad
539 2123 618 2193 regni
635 2124 822 2194 gubernacula
846 2124 984 2180 remansit.
1028 2123 1182 2177 Rvidrudis
1206 2122 1326 2176 filiarum
1335 2136 1399 2175 uina.
1410 2147 1427 2178 c.
1435 2136 1469 2176 19.

206 2194 264 2248 eius
289 2194 473 2265 primogenita
500 2193 677 2248 defuncta
705 2199 773 2263 est,
804 2194 962 2262 priusquam
990 2195 1068 2263 ipse
1095 2195 1232 2263 obiret;
1263 2194 1327 2248 hec

206 2265 405 2320 Constantinoa
427 2265 513 2320 filio
531 2264 677 2333 Hyrene
702 2264 866 2334 desponsata
891 2270 950 2319 erat
976 2265 1127 2319 Grecorum
1152 2265 1326 2333 imperatore.
1336 2313 1387 2351 Hm
1402 2313 1456 2352 Mne

161 2349 187 2388 as
205 2336 275 2390 Hic
294 2335 501 2390 Constantinus
522 2336 629 2390 huius
653 2335 874 2391 nominisVI.
894 2354 955 2390 cum
977 2339 1092 2390 matre
1109 2335 1253 2407 Hy[reneb
1275 2336 1465 2415 iqumq‘,

205 2407 313 2476 perium
338 2408 383 2477 in]
411 2407 571 2461 orientis
597 2406 768 2476 partibus
796 2408 902 2476 accepit
928 2425 999 2461 anno
1030 2407 1173 2461 dominice
1202 2408 1326 2461 incarna-

205 2479 302 2532 tionis
312 2477 537 2534 DGOLXXIHI.
567 2477 701 2532 Eodem
720 2495 792 2532 anno
804 2479 887 2532 homo
906 2477 1047 2548 [quidamb
1064 2478 1172 2532 fodiens
1183 2479 1223 2547 in]
1237 2478 1326 2547 longis

206 2550 304 2604 Tracie
340 2549 426 2602 muris
461 2549 565 2603 invenit
600 2549 736 2618 lapideam
773 2549 898 2619 archam3
936 2567 1018 2618 quam
1049 2567 1111 2604 cum
1142 2553 1326 2620 expurgasset,

205 2618 338 2691 [reperitb
361 2620 451 2674 virum
476 2619 622 2691 ia]centem
648 2624 675 2674 et
700 2621 902 2690 conglutinatas
927 2622 1008 2675 arche
1032 2621 1138 2675 litteras
1156 2621 1326 2675 continentes

161 2705 188 2744 ao
205 2693 271 2746 hec:
292 2693 418 2745 fflemstm
434 2697 560 2744 nascetur
578 2709 612 2744 ca
629 2695 734 2759 ciryinc
750 2692 854 2759 Mario,
876 2699 900 2744 ct
924 2694 1000 2745 credo
1018 2695 1049 2746 in
1072 2709 1139 2748 eum.
1183 2692 1239 2746 Sui
1258 2693 1326 2746 Gor·

206 2765 324 2816 nantino
350 2770 373 2815 et
397 2763 506 2829 Hyrcae
529 2763 746 2830 imperatoribus,
771 2779 787 2816 o
810 2765 858 2829 sol,
884 2766 980 2816 iterum
1006 2779 1047 2815 me
1073 2765 1180 2819 ridebis.
1226 2761 1327 2817 Unde

207 2849 431 2904 cognoscere
457 2850 647 2902 possumus
673 2833 776 2887 nullo
804 2837 968 2902 tempore
999 2834 1163 2889 defuisse
1191 2833 1327 2888 fideles

207 2905 344 2974 spiritu
361 2904 427 2958 Dei
445 2905 610 2973 plenosss.

314 2974 387 3030 Sed
414 2975 513 3029 unde
541 2975 716 3045 digressi
747 2992 875 3029 sumus
904 2980 1163 3032 revertamur.
1213 2975 1455 3035 Atlethaaeexar.

162 3059 188 3100 es
206 3045 276 3101 Dei
293 3045 445 3099 Karolus¹⁴
461 3046 580 3100 triennio
599 3045 772 3100 anteobitus
797 3047 839 3100 sui
864 3046 938 3101 diem
959 3047 1018 3100 zelo
1037 3047 1089 3101 Dei
1107 3050 1136 3101 et
1155 3047 1202 3116 pio
1228 3046 1483 3108 affectaremus

207 3135 255 3171 sue
273 3117 368 3171 salutis
387 3134 496 3170 omnem
522 3116 745 3186 sub[stantiamd]
772 3121 800 3171 et
825 3119 1050 3187 suppellectilem,
1076 3135 1128 3186 que
1153 3118 1182 3170 in
1207 3134 1274 3170 auro
1300 3120 1328 3171 et

208 3192 322 3257 argento
340 3187 511 3257 gemmisque
530 3192 558 3241 et
576 3191 675 3241 ornatu
693 3189 769 3258 regio
789 3188 817 3242 in
836 3206 946 3244 camera
971 3193 1018 3243 aut
1041 3187 1187 3243 *vestiario
1213 3205 1261 3241 suc
1286 3186 1327 3241 in·
1338 3199 1368 3246 *a
1377 3200 1423 3240 129.

207 3259 296 3313 veniri
322 3262 447 3328 poterat,
478 3259 567 3328 primo
596 3259 708 3327 quidem
736 3260 808 3313 trina
836 3258 968 3314 divisione
995 3259 1112 3329 partitus
1142 3261 1198 3327 est;
1229 3258 1327 3312 deinde

208 3439 230 3490 a)
245 3449 259 3477 a
272 3437 349 3478 const.
363 3437 428 3478 mna.
483 3438 506 3490 b)
521 3438 605 3477 litteras
618 3442 639 3477 st
651 3447 710 3477 rocas
723 3439 804 3477 deleas
817 3447 844 3476 re
856 3436 915 3480 Risi.
924 3436 1023 3476 Miscelic
1035 3436 1106 3486 sappi.
1160 3437 1180 3485 c)
1195 3437 1218 3475 tn
1231 3437 1329 3484 marytre

162 3497 190 3535 40
207 3501 431 3594 sacraemnta&
441 3491 518 3530 xm.-
531 3495 585 3530 nota
599 3491 659 3540 qnod
672 3502 761 3540 semper
774 3491 866 3530 ruerunt
879 3490 981 3529 timentes
994 3490 1067 3530 deum.
1119 3486 1142 3540 d)
1155 3489 1240 3529 litteras
1248 3490 1328 3529 meaa

209 3688 236 3754 1)
256 3684 423 3739 Huiusmodi
435 3717 471 3726 -
483 3686 649 3755 gravabatur
666 3687 699 3751 cf.
712 3684 852 3738 Einbcrdi
868 3685 958 3736 Vitam
970 3685 1043 3739 Kar.
1061 3700 1081 3738 c.
1094 3685 1138 3740 21.
1191 3686 1219 3751 2)
1240 3683 1328 3738 sciens

209 3787 241 3796 —
263 3757 410 3810 elemosina
428 3773 463 3809 ee·
480 3757 605 3823 Lcyerda
616 3757 673 3823 III,
692 3773 712 3811 c.
726 3759 769 3812 13.
842 3756 870 3822 3)
891 3753 1004 3807 Erat-
1020 3755 1174 3822 exprimere
1191 3772 1225 3807 ee
1243 3755 1327 3810 aare.

212 3829 274 3880 Vita
292 3828 396 3881 Karoli
418 3843 438 3884 c.
458 3831 501 3883 25.
582 3828 610 3896 4)
630 3827 725 3896 lingua
743 3843 827 3880 -er
844 3829 856 3878 t
881 3826 912 3891 (l.
933 3828 963 3888 6)
988 3827 1023 3890 cf.
1042 3826 1192 3893 Lependcm
1210 3825 1235 3892 I,
1262 3841 1282 3880 c.
1302 3827 1328 3891 7,

163 3917 190 3956 45
208 3900 256 3950 abi
281 3914 342 3951 vcro
367 3914 422 3951 nora
448 3899 480 3951 dc
507 3896 671 3965 Teutonica,
701 3899 747 3951 aad
772 3898 803 3950 dc
833 3896 955 3950 barbaris
983 3899 1084 3964 linquis
1110 3913 1196 3950 armo
1226 3899 1327 3964 opiter,

209 3970 238 4037 5)
258 3967 374 4023 (irenam
387 3999 420 4010 -
433 3969 585 4022 rimabatur
603 3985 637 4022 cc·
652 3969 736 4024 Binis.
753 3968 816 4021 Vita
833 3970 906 4024 Kar.
923 3985 945 4021 c.
958 3971 1000 4024 25.
1068 3968 1095 4039 6)
1114 3966 1192 4021 Inter
1203 3999 1240 4007 —
1252 3970 1329 4037 gesta

210 4041 240 4104 (7.
255 4042 302 4097 11)
316 4057 349 4092 coe
361 4041 445 4096 Esne.
461 4041 523 4092 Vite
537 4041 609 4094 Kar.
629 4055 650 4094 c.
662 4043 706 4096 24.
766 4039 793 4110 7)
812 4038 949 4092 Libris-
963 4039 1104 4106 intytulati
1121 4056 1155 4092 cc
1166 4039 1291 4106 Lepcncla
1303 4038 1327 4105 I,

209 4128 230 4165 c.
244 4114 269 4166 7.
323 4110 351 4180 8)
370 4111 484 4164 diversis
495 4141 531 4150 —-
543 4109 678 4180 insignitis
696 4112 815 4163 indidem
828 4111 853 4176 I,
871 4127 892 4165 c.
906 4113 948 4166 13.
1005 4109 1032 4179 9)
1045 4109 1130 4164 libros
1144 4140 1175 4148 —
1190 4109 1329 4162 distribuit

209 4183 327 4234 indidem
339 4182 394 4250 III,
412 4198 432 4237 e.
446 4185 488 4238 15.
562 4184 606 4250 10)
626 4183 671 4234 lde
683 4183 816 4238 Berroldc
834 4182 871 4233 ad
888 4196 915 4235 a.
927 4183 988 4236 783.
1060 4180 1107 4250 11)
1124 4179 1275 4233 Bertha-
1288 4197 1329 4232 se-

165 4272 192 4309 so
209 4253 311 4321 politur
327 4255 365 4318 cs.
383 4253 468 4308 Eira.
486 4253 576 4305 Vitam
594 4252 698 4306 Karoli
717 4268 738 4306 c.
759 4254 801 4307 18.
874 4253 918 4316 12)
935 4250 1018 4304 Anno
1030 4251 1209 4304 -remansit
1230 4252 1261 4316 (i.
1280 4253 1328 4312 22)

210 4340 244 4376 ee·
263 4325 387 4391 Reponi
403 4325 467 4376 Vita
484 4322 635 4376 ledowici
652 4338 674 4378 c.
693 4325 711 4379 5
728 4324 790 4390 (SS.
809 4323 850 4388 II,
868 4341 898 4391 p.
913 4324 987 4384 591).
1060 4324 1106 4390 13)
1126 4338 1176 4376 rex
1193 4320 1276 4374 Italic
1293 4323 1327 4386 rs.

211 4394 351 4449 Einbardi
366 4397 455 4449 Vitam
473 4394 545 4449 Kar.
564 4409 585 4450 c.
599 4397 641 4450 19.
714 4393 759 4463 14)
780 4393 824 4458 Of.
841 4393 993 4460 Leperzdam
1011 4393 1115 4445 Karoli
1130 4393 1155 4458 I,
1172 4407 1195 4447 c.
1205 4394 1232 4446 4.

265 4502 364 4543 Annales
378 4502 544 4542 Marbacenses.
1097 4499 1114 4552 2
