2970 4950
251 433 285 486 12
563 427 745 484 ANNALES
763 428 1053 486 MARBAGENSES.

168 617 301 660 maanes
330 605 493 659 iussionibus
523 606 643 660 coerceri
672 608 808 675 poterant.
863 605 965 660 sinuas
995 606 1107 675 quidam
1138 606 1174 660 ab
1204 607 1372 661 occidentali

250 693 367 730 occeano
395 694 488 730 versus
515 676 649 730 orientem
676 677 828 746 porrigitur
857 677 1036 747 longitudinis
1063 677 1241 746 incomperte,
1269 683 1371 746 quem

250 749 336 801 multe
361 747 561 802 circumsedent
584 748 717 814 nationes,
742 747 855 802 Danisib
878 766 910 802 ac
935 748 1065 816 Sueones,
1090 766 1158 817 quos
1183 748 1370 804 Nortmannos

249 836 386 887 vocamus,
405 819 466 887 qui
484 818 696 887 septentrionale
714 818 778 872 litus
797 824 825 872 et
843 836 938 873 omnes
956 820 984 873 iu
1003 836 1036 874 eo
1055 820 1157 873 insulas
1181 823 1286 874 tenent.
1329 821 1371 875 At

248 890 312 942 litus
330 890 455 943 Austris
474 889 585 945 Sclavi⁰
609 894 637 942 et
654 889 728 943 Aisti
747 894 775 944 et
794 890 848 944 alie
866 890 971 944 diverse
990 891 1114 945 incolunt
1131 891 1271 960 nationes3
1296 893 1370 946 inter
1389 911 1402 949 ο

249 978 315 1028 quos
342 961 478 1029 precipue
506 960 672 1030 fuerunt,
700 961 798 1029 quibus
824 965 891 1015 tunc
918 979 934 1015 a
963 979 1028 1031 rege
1055 962 1160 1016 bellum
1190 962 1370 1032 inferebatur,

248 1030 418 1087 Wetslsbid.
451 1031 525 1100 Quos
544 1032 591 1086 ille
609 1049 664 1086 una
682 1035 790 1085 tautum
808 1032 983 1101 expeditione
1001 1034 1040 1086 ita
1058 1033 1182 1087 contudit
1201 1050 1233 1086 ac
1252 1033 1369 1102 domuit,

247 1107 279 1156 ut
296 1102 410 1156 ulterius
429 1103 565 1171 imperata
582 1103 672 1157 facere
689 1103 804 1157 minime
820 1104 1011 1157 rennuendum
1029 1104 1189 1159 iudicarent.

136 1201 165 1241 ss.
176 1202 235 1245 c.1s.
354 1189 510 1244 Maximum
535 1192 657 1245 omnium
683 1209 753 1260 quae
780 1192 815 1245 ab
843 1192 891 1245 illo
918 1197 995 1261 gesta
1022 1196 1085 1244 sunt
1112 1192 1247 1246 bellorum
1274 1197 1370 1261 preter

248 1261 415 1316 Saxonicum
434 1263 498 1316 huic
515 1263 589 1317 bello
608 1263 736 1318 successit
755 1266 851 1316 contra
863 1263 970 1316 Avaros
989 1265 1023 1316 et
1035 1261 1141 1319 Hunos.
1170 1262 1261 1318 Unam
1274 1268 1369 1318 tamen
1390 1283 1416 1320 ιο

247 1351 297 1402 per
314 1350 343 1386 se
361 1333 390 1386 in
408 1332 579 1387 Pannoniam
598 1365 631 1373 -
650 1351 714 1387 nam
732 1334 803 1387 hanc
821 1334 992 1402 provinciam
1010 1350 1043 1387 ea
1061 1351 1127 1403 gens
1145 1337 1212 1388 tuno
1230 1335 1369 1389 incolebat

247 1404 504 1472 -expeditionem
528 1405 602 1471 fecit,
627 1409 737 1459 ceteras
757 1404 815 1458 filio
837 1422 885 1457 suo
904 1404 1023 1473 Pippino
1048 1421 1079 1458 ac
1104 1405 1232 1473 prefectis
1255 1406 1368 1474 provin-

248 1475 352 1529 ciarum
371 1479 453 1543 atque
471 1475 568 1546 legatis
585 1475 753 1544 perficienda
771 1475 915 1531 commisit.
957 1475 1038 1544 Quod
1065 1492 1128 1528 cum
1153 1477 1187 1530 ab
1212 1476 1254 1529 his
1280 1480 1367 1531 stren-

247 1545 376 1599 nuissime
394 1546 490 1600 fuisset
508 1548 745 1614 amministratum,
765 1551 862 1600 octavo
888 1545 1000 1599 tandem
1025 1563 1097 1599 anno
1123 1550 1164 1601 est
1189 1547 1366 1616 completum.

247 1615 328 1686 Quod
345 1618 433 1687 prelia
450 1618 479 1671 in
498 1635 530 1672 eo
549 1622 634 1687 gesta,
653 1622 788 1686 quantum
805 1617 943 1688 sanguinis
961 1617 996 1670 in
1015 1635 1053 1671 eo
1073 1617 1164 1671 fusum
1181 1618 1224 1686 sit,
1249 1623 1368 1673 testatur
1388 1637 1414 1676 ιο

246 1705 333 1742 vacua
352 1690 427 1742 omni
445 1688 599 1743 habitanti
616 1689 758 1742 Pannonia
776 1692 804 1742 et
829 1689 904 1742 locus
929 1688 958 1741 in
983 1705 1037 1756 quo
1062 1689 1139 1758 regia
1163 1689 1283 1759 kagani⁰
1307 1697 1367 1744 erat

247 1759 286 1812 ita
311 1759 447 1825 desertus,
476 1766 507 1813 ut
530 1777 588 1814 nec
615 1759 761 1830 vestigium
789 1759 899 1828 quidem
927 1760 956 1812 in
983 1776 1016 1813 eo
1044 1759 1163 1814 humane
1190 1759 1367 1815 habitationis

247 1830 541 1970 tittttaltt
556 1829 1365 1972 lttglttltlglflttatlatitillttttit

246 1972 342 2041 Neque
361 1973 447 2026 ullum
465 1973 569 2027 bellum
589 1977 684 2027 contra
700 1972 822 2026 Francos
841 1977 967 2026 exortum
985 1973 1106 2026 humana
1123 1977 1215 2043 potest
1231 1968 1367 2027 membris
1385 1992 1413 2030 ao

245 2043 392 2111 recordari,
411 2060 465 2111 quo
483 2044 525 2097 illi
543 2044 630 2113 magis
649 2043 729 2096 ditati
746 2044 809 2112 sint,
828 2044 928 2112 quippe
947 2061 1010 2097 cum
1028 2044 1161 2113 usquein
1180 2045 1208 2097 id
1232 2045 1366 2113 temporis

245 2132 316 2183 pene
334 2132 467 2184 pauperes
486 2115 651 2182 viderentur,
670 2118 778 2168 tantum
796 2115 856 2169 auri
878 2119 906 2168 et
931 2115 1037 2184 argenti
1060 2115 1090 2168 in
1114 2116 1191 2184 regia
1215 2119 1365 2184 repertum,

245 2190 287 2240 tot
304 2186 392 2254 spolia
409 2186 533 2254 preciosa
551 2187 666 2253 sublata,
686 2190 717 2239 ut
733 2186 832 2239 merito
852 2185 927 2240 credi
942 2191 1047 2255 posset
1065 2187 1117 2241 hoc
1136 2185 1256 2240 Francos
1273 2182 1366 2240 Hinis

244 2257 314 2311 iuste
342 2256 488 2326 eripuisse,
516 2257 590 2325 quod
618 2255 695 2312 thi
721 2257 798 2326 prius
825 2257 884 2310 aliis
914 2257 1041 2327 gentibus
1068 2258 1169 2311 iniuste
1196 2258 1364 2326 eripuerunt.

135 2354 233 2398 sucus.
351 2345 499 2400 Posthac
525 2345 623 2399 bello
649 2344 794 2415 appetit
812 2349 958 2414 utramque
975 2345 1146 2400 Pannoniam
1165 2349 1192 2400 et
1211 2345 1364 2415 adpositam
1384 2363 1411 2402 as

244 2418 273 2471 in
285 2417 372 2470 altera
384 2421 463 2485 parte
472 2416 592 2469 Danubii
603 2417 663 2485 ripe
672 2416 794 2483 Daciam,
804 2416 946 2485 Hystriam
958 2434 1067 2486 quoque
1080 2421 1107 2470 et
1116 2417 1269 2470 Liburnam
1282 2422 1365 2486 atque

243 2487 424 2554 Dalmatiam,
453 2487 574 2555 exceptis
600 2487 745 2540 maritimis
772 2488 942 2556 civitatibus,
973 2486 1061 2557 quasf
1090 2489 1125 2541 ob
1157 2488 1308 2542 amiciciam
1336 2492 1365 2543 et

244 2559 368 2612 iunctum
398 2557 477 2611 ledus
505 2556 837 2626 Constantinopolitanum
868 2559 1062 2627 imperatorem
1092 2559 1194 2613 habere
1224 2559 1364 2629 permisit;

244 2629 343 2683 deinde
362 2646 455 2682 omnes
474 2629 602 2683 barbaras
615 2646 647 2682 ac
660 2629 731 2683 feras
742 2629 874 2696 nationes,
887 2647 957 2698 quae
970 2630 1041 2684 intes
1053 2629 1182 2684 Rhenum
1201 2635 1235 2683 et
1248 2630 1364 2684 Visuam

244 2699 341 2754 fluvios
359 2716 562 2768 occeanumque
581 2717 613 2755 ac
626 2700 783 2753 Danubium
801 2699 898 2768 posite,
917 2701 1010 2770 lingua
1027 2718 1099 2770 pene
1114 2701 1223 2767 similes,
1242 2702 1365 2756 moribus
1384 2720 1410 2759 ιο

244 2787 310 2825 vero
329 2773 411 2838 atque
428 2770 525 2824 habitu
543 2771 623 2825 valde
641 2771 817 2840 dissimilesss,
841 2771 882 2825 ita
905 2771 1070 2839 perdomuit,
1094 2776 1126 2825 ut
1144 2789 1189 2826 eas
1206 2772 1365 2826 tributarias

245 2840 374 2898 efficeret.
411 2840 489 2896 Inter
507 2841 596 2910 quasf
616 2843 746 2911 precipue
764 2841 915 2896 fuerunt
933 2843 1080 2912 Welatabi,
1099 2843 1205 2913 Sorsbi,
1224 2843 1364 2911 Abodriti,

245 2930 308 2967 cum
338 2913 471 2981 quibus
502 2913 575 2966 bello
603 2913 743 2982 conflixit;
774 2917 892 2981 ceteras,
919 2931 1036 2983 quarum
1065 2913 1174 2968 multoh
1204 2914 1293 2969 maior
1323 2920 1365 2969 est

134 2991 164 3031 ιο.
175 3003 193 3031 ι.
203 2992 235 3036 13.-
244 3001 381 3052 numerus‚
407 2983 437 3036 in
461 2983 632 3038 dedicionem
658 3002 741 3038 acce
748 2985 811 3053 pit
856 2985 1018 3039 Boemicum
1044 2988 1072 3039 et
1096 2985 1267 3053 Lioonicum,
1293 3002 1365 3053 quae

263 3059 340 3109 ostes
358 3059 454 3108 exorta
472 3058 543 3122 sunt,
562 3055 609 3109 diu
628 3059 725 3110 stare
743 3073 799 3110 non
811 3060 975 3126 potuerunt3
989 3074 1104 3125 quorum
1117 3062 1265 3126 utrumque
1277 3057 1364 3112 ductu
1384 3073 1411 3112 aa

243 3073 343 3180 heroli
361 3125 474 3180 iunioris
492 3127 575 3181 celeri
592 3127 647 3182 fine
666 3128 834 3196 completum
852 3131 900 3184 est.

133 3223 163 3265 ο.
173 3235 191 3263 ι.
201 3225 233 3265 14.
350 3214 483 3270 Postea
505 3220 600 3270 contra
618 3215 812 3284 Nortmannos,
832 3214 895 3284 quii
917 3216 1008 3284 primo
1027 3217 1179 3284 pyraticam
1198 3221 1364 3287 exercentes,

151 3285 343 3341 *maudeinde
359 3287 453 3340 littora
472 3287 562 3342 Gallie
581 3292 662 3357 atque
675 3287 823 3342 Germania
840 3289 999 3354 va*stantes‚
1018 3288 1122 3341 bellum
1139 3291 1296 3355 susceptum
1314 3292 1364 3345 est.

243 3356 367 3427 Quorum
379 3375 429 3412 rex
443 3357 609 3413 Godefridus
628 3358 696 3413 adeo
714 3375 784 3412 vana
802 3375 851 3426 spe
867 3358 978 3412 inflatus
996 3362 1064 3428 erat,
1082 3361 1114 3411 ut
1131 3359 1184 3412 sibi
1195 3358 1283 3412 tocius
1296 3357 1365 3413 Ger·
1398 3415 1400 3419 ,

243 3428 333 3482 manie
350 3430 526 3498 promitteret
544 3433 726 3500 potestatem3
751 3428 873 3483 Fresiam
899 3446 1007 3498 quoque
1029 3433 1111 3498 atque
1129 3429 1279 3484 saxoniam
1296 3429 1366 3483 haut
1384 3446 1411 3484 so

244 3499 323 3553 aliter
341 3517 442 3569 quam
460 3518 521 3554 suas
540 3500 686 3564 estimabat
703 3500 864 3570 provincias,
900 3500 963 3554 lam
980 3497 1141 3568 Abodritos,
1166 3500 1269 3555 vicinos
1291 3517 1364 3568 suos,

242 3568 272 3622 in
290 3587 366 3624 snam
385 3569 518 3626 ditionem
535 3572 688 3642 redegerat,
706 3571 761 3625 iam
774 3588 821 3625 eos
833 3571 885 3625 sibi
896 3571 1045 3641 vectigales
1057 3570 1167 3627 fecerat.
1195 3570 1365 3626 lectitabat

244 3641 327 3694 etiam
345 3659 374 3695 se
391 3642 469 3696 brevi
487 3642 655 3712 Aquisgrani
674 3660 736 3697 cum
754 3641 882 3696 maximis
900 3643 986 3710 copiis
999 3642 1187 3698 adventurum.
1213 3642 1272 3696 Nec
1283 3643 1365 3697 dictis

244 3711 308 3780 eius,
328 3712 451 3780 quamvis
468 3712 627 3782 vanissimis,
647 3714 758 3766 omnino
777 3712 845 3767 fides
863 3713 1068 3782 abnuebaturk,
1086 3714 1154 3783 quin
1171 3714 1267 3782 pocius
1284 3719 1364 3783 puta·

242 3787 319 3836 retur
336 3785 392 3838 tale
411 3782 514 3851 aliquid
536 3783 721 3852 inchoaturus,
746 3783 798 3837 nisi
821 3784 950 3837 festinata
974 3784 1070 3839 fuisset
1095 3788 1184 3838 morte
1208 3789 1363 3853 preventus.
1383 3800 1410 3839 sc

241 3852 315 3976 1iilnam
333 3871 350 3906 a
367 3855 480 3977 prgprio
505 3854 623 3908 satellite
647 3853 806 3908 interfectus
831 3858 858 3909 et
883 3871 931 3907 sue
956 3855 1012 3909 vite
1031 3859 1059 3909 et
1076 3856 1143 3910 belli
1161 3874 1178 3910 a
1195 3873 1224 3910 se
1242 3855 1365 3910 inchoati

282 3940 325 3977 em
344 3941 409 3978 acce
420 3924 516 3980 erasit.

348 4002 461 4057 Interea
478 4003 553 4072 apud
570 4003 720 4058 Ierusalem
741 4004 813 4058 inter
831 4003 1006 4057 Christicolas
1027 4009 1055 4058 et
1079 4023 1201 4075 paganos
1226 4006 1364 4060 discordia

243 4078 304 4127 orta
322 4078 363 4128 est
381 4073 450 4128 adeo
469 4091 577 4145 magna,
596 4074 690 4142 quod
707 4075 870 4143 patriarcha,
890 4075 932 4128 vir
949 4076 1145 4143 perfectissime
1160 4077 1309 4148 religionis,
1329 4077 1364 4131 de

242 4253 264 4304 a)
283 4253 340 4293 situs
352 4265 369 4296 c.
438 4253 460 4303 b)
478 4254 538 4300 upssd
551 4253 688 4291 Elabordum
702 4254 761 4291 Dani
775 4252 896 4303 siquidem;
911 4265 965 4304 quae
980 4256 1111 4303 neglegentia
1126 4257 1247 4296 chronistos
1259 4261 1364 4306 corrupta
1384 4260 1412 4299 50

241 4311 299 4346 sum.
354 4309 376 4355 c)
390 4305 456 4346 Soavi
470 4318 487 4348 a.
550 4305 573 4357 d)
588 4307 702 4346 welatabi
715 4307 780 4346 Esne.
840 4308 861 4358 e)
876 4309 957 4357 hanugi
971 4320 988 4351 o.
1047 4310 1064 4359 l)
1079 4321 1135 4357 quos
1150 4322 1167 4351 c.
1228 4312 1249 4358 g)
1264 4311 1303 4350 hoc
1317 4311 1364 4349 loco

242 4360 352 4399 istum·
368 4360 435 4411 rerba·
447 4359 592 4399 Germaniam
609 4361 709 4400 incolunt
727 4361 809 4400 dmm.
878 4362 901 4412 h)
921 4360 1040 4402 multitudo
1056 4374 1074 4401 c.
1142 4365 1158 4413 i)
1177 4365 1216 4411 qui
1234 4364 1270 4402 lu'c
1288 4374 1363 4414 aqna·-

242 4414 317 4463 mam,
335 4425 382 4452 cum
401 4414 460 4462 apud
479 4413 615 4451 nautarum
634 4414 673 4461 qui
687 4415 747 4452 Dani
766 4421 875 4453 vocantur
889 4416 979 4463 legatam
1033 4415 1057 4466 k)
1072 4418 1213 4455 annuebatur
1226 4428 1245 4459 c.
