2970 4950
523 465 705 520 ANNAIAES
723 465 1013 525 Msassscnrsns.
1291 473 1327 528 87

208 647 431 730 Argentina1.
502 648 667 713 Producti
711 669 791 713 vero
838 670 915 713 cum
956 655 1123 733 negarent
1168 652 1326 729 heresim,
1338 660 1417 712 1211.

209 738 337 801 iudicio
368 738 451 802 ferri
482 738 663 802 candentis
692 738 737 801 ad
766 738 977 821 legittimum
1008 739 1194 802 terminum
1224 760 1327 805 reser-

209 829 347 903 vantur;
382 846 526 909 quorum
558 847 720 890 numerus
749 827 819 889 fuit
850 827 981 891 LXXX
1012 828 1067 891 vel
1102 827 1249 912 amplius
1285 829 1327 893 de

209 917 356 997 utroque
395 935 486 978 sexu.
550 914 596 977 Et
634 915 736 998 pauci
774 915 913 998 quidem
952 935 993 981 ex
1031 916 1079 980 eis
1125 918 1327 982 innocentes

177 1006 454 1086 capparuerunt,
480 1003 604 1085 reliqui
628 1024 745 1068 omnes
769 1024 883 1067 coram
912 1004 1055 1089 ecclesia
1086 1005 1235 1069 convicti
1265 1027 1327 1090 per

209 1092 426 1155 adustionem
443 1113 607 1155 manuum
624 1092 802 1176 dampnati
819 1096 900 1156 sunt
916 1097 951 1157 et
966 1093 1126 1158 incendio
1139 1095 1325 1178 perierunt.

314 1181 416 1244 Anno
455 1179 646 1244 MCCXVI.
717 1181 945 1245 Innocentius
992 1203 1081 1266 papa
1119 1183 1222 1260 obiit;
1270 1153 1445 1272 Ouiffi's).

208 1268 384 1332 Honorius
408 1269 582 1333 successit.

315 1357 396 1440 Ipso
432 1378 522 1421 anno
553 1357 683 1421 Falcho
713 1359 844 1441 primus
877 1359 983 1423 abbas
1014 1359 1247 1424 Marbacensis
1278 1361 1326 1423 in·

163 1446 351 1510 restitutus
376 1449 428 1510 est
440 1447 461 1507 ².

315 1535 445 1598 Eodem
469 1555 604 1618 quoque
627 1537 781 1618 tempore
806 1533 890 1600 Otto
914 1537 1101 1620 imperator
1124 1537 1212 1601 obiit
1221 1537 1243 1598 ⁸.
1337 1543 1414 1598 1218.

315 1624 417 1687 Anno
440 1622 653 1687 MOOXVII.
693 1624 801 1687 Facta
824 1626 877 1688 est
900 1626 1073 1708 expeditio
1097 1627 1326 1689 transmarina
1336 1633 1414 1685 1217.

208 1733 228 1776 a
259 1712 346 1776 duce
376 1713 516 1776 Austrie
547 1715 583 1776 et
613 1733 694 1796 rege
720 1712 881 1795 Ungarie.
935 1713 1000 1778 Oui
1030 1714 1134 1778 etiam
1164 1715 1326 1779 interfuit

208 1800 344 1882 legatus
367 1801 520 1864 Romane
551 1801 664 1864 sedis4
694 1805 729 1865 et
753 1801 1048 1884 Babenbergensis
1079 1803 1258 1886 episcopus
1290 1807 1325 1868 et

162 1911 189 1950 rs
208 1889 317 1953 frater
340 1890 413 1953 eius
438 1889 507 1951 dux
530 1890 693 1967 Meranie,
717 1890 837 1974 Boppo
861 1910 973 1954 comes
997 1890 1040 1954 de
1057 1889 1323 1968 Hennenberch‚

208 1975 410 2041 Lirdewicus
435 1998 547 2042 comes
572 1979 614 2042 de
631 1977 783 2062 Otingen
806 1978 933 2062 aliique
952 1979 1124 2063 principes
1140 1982 1176 2043 et
1191 1979 1325 2043 nobiles

208 2065 311 2129 multi
334 2067 376 2130 de
401 2067 543 2130 dirersis
567 2068 724 2150 partibus
753 2070 933 2130 terrerum.
987 2066 1055 2146 Qui
1085 2067 1203 2130 statim
1234 2088 1324 2133 acce·
1436 2144 1438 2148 Ι

208 2155 330 2219 dentes
369 2156 412 2218 ad
448 2159 600 2219 montem
635 2155 773 2219 Thabor
811 2157 1037 2220 munitionem
1077 2157 1249 2240 quandam
1288 2157 1325 2219 in

208 2243 325 2307 eodem
344 2247 460 2308 monte
477 2266 498 2308 a
510 2244 706 2308 Sarracenis
723 2244 918 2308 edificatam
933 2245 1078 2310 viriliter
1094 2246 1323 2329 expugnando
1334 2268 1408 2317 (aa.)

161 2355 189 2394 so
208 2336 374 2415 ceperunt
384 2332 405 2394 ⁵.
463 2333 507 2394 In
542 2332 638 2396 brevi
672 2334 788 2396 autem
824 2336 943 2417 postea
980 2334 1107 2398 reversi
1145 2336 1227 2397 sunt
1264 2354 1324 2398 rex

208 2420 392 2503 Ungarie⁶,
418 2422 487 2485 dux
510 2421 664 2484 Meranie
688 2425 724 2485 et
747 2420 808 2485 alii
831 2422 971 2504 quidam
994 2422 1136 2486 nobiles.

313 2510 416 2573 Anno
462 2508 696 2573 MOOXVIII.
770 2510 850 2573 Dux
894 2511 1035 2575 Austris
1081 2531 1159 2574 curn
1208 2511 1322 2593 legato
1334 2517 1412 2570 1218.

207 2598 360 2662 Romane
384 2598 478 2662 curie
503 2601 539 2662 et
561 2598 765 2681 Templariis
789 2601 824 2662 et
844 2598 1089 2682 Hospitalariis
1113 2604 1148 2664 et
1171 2600 1324 2664 exercitu

208 2687 345 2769 copioso
380 2687 471 2751 circa
506 2687 638 2770 palmas
650 2686 669 2758 ⁷,
704 2687 742 2750 id
776 2690 828 2751 est
864 2692 945 2751 ante
980 2688 1124 2772 pascha,
1161 2689 1204 2752 ad
1239 2689 1449 2761 onesimus.

161 2796 189 2836 aa
207 2775 336 2859 Egypti
365 2776 567 2840 accedentes
598 2776 774 2840 civitatem
805 2776 1102 2859 opulentissimam
1126 2777 1324 2842 Damiatam

207 2864 385 2946 aliquanto
409 2867 563 2946 tempore
586 2864 805 2928 obsederunt.
845 2864 890 2926 nt
912 2868 1053 2940 turrem,
1071 2886 1158 2948 quae
1182 2867 1249 2930 sita
1272 2869 1325 2931 est
1334 2889 1417 2938 (narr).

207 2973 309 3036 super
332 2953 460 3016 flumen
483 2952 565 3035 Nyli
589 2956 625 3017 et
649 2953 776 3017 dicitur
799 2951 1030 3018 (ilaris-terre
1039 2953 1061 3030 ⁸,
1085 2954 1186 3019 valde
1218 2956 1324 3018 muni·

207 3159 233 3229 1)
252 3161 297 3211 Ad
314 3161 384 3212 hauc
405 3161 599 3212 haereticorum
616 3163 823 3226 persecutionem
839 3165 966 3225 spectarat,
984 3175 1052 3226 quae
1074 3163 1148 3226 apud
1166 3162 1324 3213 Caesarium

206 3231 446 3283 Heisterbaceusem
460 3233 490 3282 iu
503 3231 621 3296 Dialopo
632 3232 828 3283 miraculorum
840 3230 897 3295 III,
909 3247 930 3284 c.
942 3232 974 3284 17
987 3232 1039 3294 (ed.
1052 3230 1168 3297 Straape
1180 3232 1203 3297 I,
1215 3249 1245 3299 p.
1260 3235 1324 3293 133)

161 3316 187 3355 sc
207 3302 348 3354 Corradus
369 3305 496 3368 mapistcr
516 3304 560 3366 (de
578 3301 749 3368 Marturpt)
767 3306 885 3352 narrat:
908 3299 1010 3352 Decem
1035 3300 1149 3353 heretici
1173 3301 1202 3354 in
1227 3301 1323 3356 eadem

206 3372 325 3440 civitate,
344 3373 447 3425 scilicet
465 3372 628 3441 Argentina,
648 3389 701 3439 que
720 3376 747 3424 et
765 3370 922 3440 Strazburg,
942 3370 1132 3438 comprehensi
1156 3376 1226 3426 sunt.
1269 3372 1325 3440 Qui

206 3461 269 3496 cum
287 3447 428 3513 negarent,
446 3460 496 3512 per
514 3442 646 3495 iudicium
665 3442 805 3496 candentis
825 3442 891 3495 ferri
912 3441 1031 3495 convicti
1049 3442 1183 3494 sententia
1204 3441 1323 3494 incendii

205 3519 269 3566 sunt
294 3514 416 3567 damnati
441 3521 485 3569 etc.
511 3545 546 3554 -—
572 3514 645 3578 Quae
671 3517 744 3582 apud
769 3513 888 3566 Schmidt
912 3516 942 3564 iu
960 3512 1128 3576 ‘Zeitscterift
1151 3514 1202 3577 fttr
1219 3512 1330 3568 Hector.-

210 3586 360 3652 Theotopia'
374 3587 404 3638 X
420 3588 523 3651 (1840),
541 3589 566 3651 3,
584 3590 612 3652 p.
626 3587 728 3652 348qq.
747 3591 770 3636 et
790 3587 863 3652 apud
881 3584 947 3647 Lea,
967 3583 1090 3648 ‘Histoi-y
1106 3583 1139 3646 of
1148 3583 1322 3650 Inquisitiou'

160 3669 187 3708 st
204 3657 246 3722 II,
268 3674 296 3722 p.
315 3660 368 3712 316
380 3673 435 3723 sqq.
454 3659 485 3707 dc
502 3659 556 3707 ista
575 3656 680 3707 haeresi
696 3658 854 3721 traduntur,
875 3659 966 3706 omerio
983 3670 1016 3705 arr
1033 3658 1184 3706 comureutis
1199 3655 1324 3706 Danielis

205 3728 341 3794 Specktiui
354 3733 533 3794 provenerant
549 3733 572 3778 et
585 3731 691 3779 omniuo
703 3729 836 3779 reicienda
847 3732 918 3780 suat.
985 3724 1012 3793 2)
1025 3726 1065 3776 De
1078 3727 1201 3776 occisione
1213 3725 1323 3791 liudolfi

204 3800 293 3850 ultimi
321 3798 507 3850 Marbaceusis
533 3801 685 3865 praepositi
717 3803 740 3849 ct
770 3799 801 3848 ale
831 3798 960 3849 Falconis
992 3799 1156 3848 institutione
1190 3797 1224 3860 cf.
1255 3811 1324 3862 quac

204 3869 319 3936 Hampc,
339 3870 502 3933 ‘Zeitschrift
520 3873 569 3934 teir
586 3871 629 3920 atie
649 3868 799 3921 Geschictrte
817 3869 862 3920 cies
876 3867 1045 3932 Oterrtaeius,
1065 3868 1138 3918 Neue
1153 3866 1246 3932 Fotpe'
1258 3867 1323 3931 XX,

200 3956 230 4006 p.
259 3943 365 4007 8⁸qu
383 3942 524 4005 disseruit,
555 3941 668 4006 epistota
697 3940 846 3991 Irucoecutii
873 3940 927 3993 ΙΙΙ.
960 3939 1047 3991 adhuc
1074 3941 1210 4003 truopaita
1239 3940 1323 3992 uisus.

158 4022 186 4062 4ο
205 4010 233 4080 3)
252 4011 350 4066 Error.
372 4010 430 4062 Otto
448 4011 511 4062 otta
529 4013 571 4062 die
591 4013 632 4066 19.
646 4011 718 4062 Maii
737 4027 762 4064 a.
776 4011 853 4064 1218.
879 4011 918 4064 W.
990 4011 1019 4077 4)
1033 4009 1161 4075 Petaptus
1172 4009 1324 4061 cardinatis

205 4082 518 4219 {pupptorpapppp
536 4080 1323 4219 ttssttttttmtttitt‘tt‘mtt‘tstt

288 4170 305 4204 a
351 4169 363 4216 ;
482 4171 490 4203 r
533 4171 553 4204 u
780 4168 787 4181 ·
1064 4193 1070 4206 .

204 4224 338 4275 [autcario
351 4241 377 4279 a.
391 4227 468 4279 1218.
481 4241 540 4275 cum
552 4223 666 4289 Hupoue
678 4238 738 4289 repa
753 4224 837 4288 Cypri
849 4227 872 4274 et
884 4223 947 4273 attis
964 4221 1094 4274 mobilibus
1111 4222 1244 4289 Tripolim
1256 4235 1324 4287 pro·

204 4296 288 4359 fertus
306 4301 351 4348 cst.
422 4297 448 4360 7)
466 4296 524 4346 Hoc
542 4295 642 4359 faucem
657 4299 702 4347 ast.
732 4294 819 4344 Iudie
833 4296 993 4345 ascensiouis
1004 4294 1231 4359 amanteum.
1244 4291 1323 4358 Maii,

158 4379 185 4419 45
205 4381 285 4417 uaros
303 4383 379 4417 cruce
397 4369 564 4431 sipuatorum
584 4366 617 4417 ab
636 4366 724 4416 Accou
742 4366 899 4416 Damiatam
919 4364 1056 4430 profectae
1072 4369 1143 4418 suut.
1227 4365 1256 4429 8)
1281 4361 1322 4426 Cf.

204 4434 357 4488 Historiam
376 4439 570 4503 expeditionum
589 4438 619 4487 iu
640 4436 754 4487 Terram
772 4434 899 4486 Samtam
917 4451 937 4489 a.
957 4437 974 4489 6
992 4434 1120 4498 (Grouica
1137 4437 1215 4500 repia
1234 4433 1321 4486 Coton.
