2970 4950
439 453 619 510 ANNALES
637 455 926 513 MARBACENSES.
1212 461 1246 513 13

124 633 236 686 civitate
266 631 294 686 vi
324 632 452 701 expulsus
483 632 518 686 ad
547 633 740 702 imperatorem
771 634 979 688 Constantinum
1012 638 1040 688 et
1068 633 1156 687 filium
1187 635 1369 694 eiusneaJar.

124 704 256 773 Leonem,
276 703 322 771 qui
339 707 405 757 tunc
424 704 555 773 temporis
567 704 621 758 illis
632 706 756 774 partibus
769 706 963 774 imperabat,
977 704 1244 774 Constantinopolim

124 774 257 844 fugiendo
275 791 338 828 oum
360 775 420 827 aliis
438 773 597 828 Christianis
615 776 771 844 pervenerit
789 781 817 829 et
835 776 861 830 ei
878 776 1094 843 lacrimabiliter,
1121 794 1191 844 quac
1216 779 1244 829 et

124 849 227 914 quanta
251 845 304 898 sibi
329 845 384 898 siut
408 845 494 915 illata,
519 851 547 900 et
569 847 687 914 qualiter
711 848 867 916 sepulcrum
888 847 1034 900 Domini
1059 851 1094 901 et
1118 850 1245 900 saneta

91 932 104 970 5
123 919 205 970 loca
223 919 351 986 gentes
369 916 524 970 inordinate
543 922 669 985 tractent,
688 918 762 985 quod
783 918 915 972 universis
935 917 1036 971 Christi
1061 918 1244 971 fidelibus
1353 981 1356 989 Ι

124 987 238 1041 deberet
257 1004 315 1041 esse
333 987 491 1056 dolendum,
513 988 657 1044 enarravit.

231 1076 1359 1146 Imperatorigiturhostessancteecelesiaerefrenan-it.11,s.

124 1146 376 1200 dosKarolum
389 1146 555 1217 Magnum
571 1149 706 1201 socium
725 1148 1038 1214 itinerisasoivit,
1056 1149 1154 1201 litteris
1172 1149 1244 1202 sibi

124 1235 188 1272 cum
217 1218 377 1271 muneribus
405 1218 615 1287 insignibus
646 1218 811 1275 directis.
857 1219 996 1288 Quibus
1022 1220 1091 1273 ille
1117 1219 1354 1288 receptat-arar.

79 1304 105 1342 ιο
124 1289 287 1342 intellexit
299 1289 354 1341 iam
367 1306 396 1342 se
409 1307 425 1342 a
436 1289 495 1343 Deo
513 1289 548 1342 ad
566 1290 619 1344 hoc
636 1289 779 1360 negotium
796 1292 964 1359 preelectum
977 1309 1035 1345 esse
1049 1295 1076 1344 et
1092 1290 1146 1342 iam
1159 1306 1244 1358 usque

124 1360 270 1414 orientales
289 1359 390 1413 famam
410 1378 458 1414 sue
475 1361 621 1429 probitatis
638 1362 827 1418 transvolasse.
864 1361 939 1415 Hinc
957 1361 1058 1431 gaudio
1077 1361 1185 1430 gavisus
1204 1366 1245 1414 est

124 1430 220 1500 valde;
249 1430 296 1484 sed
322 1431 413 1500 opido,
439 1431 512 1498 quod
538 1432 705 1485 dominicum
730 1434 887 1500 sepulcrum
912 1437 992 1487 erat
1017 1450 1033 1486 a
1057 1433 1172 1501 paganis
1196 1433 1244 1486 ob-

124 1519 236 1569 sessum,
255 1501 402 1555 condolens
421 1502 559 1555 lacrimari
577 1504 658 1571 oepit.
695 1502 761 1571 Qui
781 1504 905 1557 statim
931 1503 1092 1557 consilio
1117 1503 1244 1556 habito

123 1590 174 1642 per
192 1576 294 1626 totum
313 1572 483 1627 Francorum
507 1591 655 1643 regnum
682 1574 752 1628 edici
777 1575 904 1628 citissime
929 1575 1055 1643 imperat,
1080 1580 1118 1627 nt
1143 1591 1244 1641 omnes,

79 1659 104 1696 15
124 1644 290 1713 quicumque
304 1644 338 1697 ad
354 1660 412 1698 sese
431 1643 632 1698 defendendum
652 1662 727 1698 arma
742 1650 853 1714 possent
870 1645 986 1714 deferre,
1004 1650 1061 1699 tam
1074 1663 1150 1699 senes
1163 1661 1245 1713 quam

123 1715 235 1769 iuvenes
252 1732 345 1769 secum
363 1715 559 1785 pugnaturi'in
577 1733 698 1785 paganos
716 1733 809 1770 versus
827 1717 972 1770 orientales
990 1718 1085 1786 plagas
1099 1716 1244 1769 inevitabi-

123 1786 188 1840 liter
212 1791 345 1857 satagant.
382 1785 523 1855 Alioquin,
549 1788 713 1855 quicumque
737 1787 817 1841 huins
842 1788 924 1841 edicti
949 1787 1079 1841 mandata
1102 1805 1158 1840 non
1182 1804 1244 1857 per-

122 1858 220 1982 pffiit,
239 1857 297 1927 ipse
316 1857 345 1910 in
363 1857 421 1911 vita
440 1874 488 1910 sua
506 1861 534 1911 et
551 1857 602 1910 filii
620 1860 677 1912 eius
695 1858 821 1913 similiter
839 1876 873 1912 ex
891 1861 964 1928 regis
982 1859 1093 1912 decreto
1107 1857 1244 1926 decapite

205 1946 332 1982 nummos
350 1928 427 1996 quasi
445 1928 516 1982 servi
535 1931 648 1985 solvant.
685 1928 758 1997 Quid
784 1931 901 1983 ultra?
938 1930 1103 1984 Catervatim
1123 1929 1244 1996 undique

77 2013 105 2051 ao
123 1999 232 2069 populis
256 1999 515 2068 circumfluentibus,
540 2001 673 2054 maiorem
698 2002 860 2069 exercitum,
882 2019 963 2069 quam
989 2005 1070 2054 antea
1096 2000 1242 2066 habuisset,

123 2071 201 2124 brevi
231 2071 323 2139 spacio
354 2072 539 2141 congregavit.
588 2071 719 2139 Itaque
748 2073 784 2124 in
814 2072 959 2125 nomine
986 2071 1130 2125 Domini
1160 2087 1241 2138 pro·

124 2142 270 2210 fectus¹,
295 2141 408 2195 tandem
433 2160 496 2196 cnm
522 2143 644 2197 exercitu
671 2161 719 2197 sno
745 2141 1010 2211 Constantinopolim
1035 2144 1118 2212 longo
1145 2141 1243 2194 itinere
1252 2152 1282 2190 it.
1293 2153 1327 2201 ΙΙ,
1336 2155 1355 2196 8.

123 2212 253 2282 fatigatus
271 2213 404 2281 pervenit.
442 2212 542 2268 Postea
560 2231 625 2267 vero
644 2214 751 2284 [fusiss]
771 2214 924 2283 fugatisque
942 2215 1064 2283 paganis,
1088 2213 1122 2265 ad
1141 2213 1242 2265 celsam
1252 2224 1280 2262 ιἰ.
1290 2224 1325 2272 11,
1337 2226 1357 2265 9.

123 2284 229 2351 urbem,
237 2301 307 2352 qnae
318 2284 420 2338 vexilla
431 2283 539 2338 vivifice
552 2284 640 2338 crucis
647 2284 801 2353 Christique
813 2285 944 2353 passionis
953 2285 1053 2338 retinet
1064 2284 1241 2354 monimenta,

77 2367 105 2407 ss
124 2356 195 2408 letus
214 2358 242 2408 et
259 2356 375 2425 supplex
393 2355 541 2409 adventans
559 2356 715 2424 patriarche
733 2356 838 2425 totique
857 2354 1018 2409 Christicole
1043 2355 1118 2423 plebi
1144 2359 1243 2408 cuncta

123 2443 254 2496 prospera
269 2426 329 2480 Deo
347 2426 500 2494 opitulante
518 2427 652 2483 solidarit.
683 2426 735 2480 His
747 2428 839 2495 itaque
850 2427 933 2494 gestis
944 2427 1139 2495 imperatorem
1152 2424 1242 2478 Con·

125 2498 329 2550 stantinum
354 2497 492 2551 licentiam
517 2498 686 2567 repatriandi
710 2498 830 2553 Karalus
848 2497 967 2568 Magnus
992 2498 1160 2566 subrogavit,
1185 2513 1241 2551 ae·

126 2569 244 2636 ceptis
269 2569 311 2622 ab
339 2585 378 2622 eo
403 2569 525 2638 dignis
550 2587 589 2623 ac
614 2569 864 2623 sacrosanctis
892 2569 1112 2639 pigneribus
1139 2585 1241 2621 sanc-

124 2643 259 2708 torum,
277 2639 397 2693 seilicet²
416 2639 450 2692 de
468 2641 563 2709 spinea
585 2659 684 2694 corona
703 2641 820 2695 Domini
846 2645 907 2694 octo
932 2641 1023 2708 spinas
1048 2657 1110 2693 eum
1135 2640 1242 2693 roboris
1251 2652 1279 2693 ab.
1291 2653 1325 2702 ιι,
1334 2654 1365 2696 aa
1376 2655 1410 2694 ιι.

80 2723 106 2762 eo
123 2714 211 2779 parte,
237 2728 321 2763 uuum
345 2710 379 2764 de
404 2711 487 2764 clavis
511 2711 655 2764 Domini
680 2716 707 2765 et
732 2712 766 2765 de
792 2715 918 2764 sancta
943 2728 1022 2765 cruce
1048 2716 1076 2764 et
1103 2710 1241 2764 sudarium

124 2781 235 2834 Domini
254 2786 282 2836 et
306 2786 431 2835 sancte
449 2782 514 2835 Dei
538 2783 736 2851 genitricis
760 2783 898 2836 camisiam
924 2787 951 2836 et
972 2783 1144 2849 cinctorium,
1168 2781 1242 2835 uude

123 2870 240 2921 puerum
258 2852 370 2906 Ihssum
388 2853 417 2904 in
436 2853 525 2906 cunis
545 2855 723 2921 cinxerunt,
748 2858 776 2907 et
793 2854 937 2907 brachium
955 2854 1025 2906 senis
1044 2852 1188 2920 symeonis
1214 2857 1242 2905 et

124 2923 1241 2993 aliamnlta3quae-0muiaDeodilectus⁸Karoluspostreditum

124 3012 222 3048 suum
253 2994 419 3063 Aquisgrani
455 3012 531 3048 oum
561 2997 756 3049 multorum
787 2996 1049 3065 religiosorum
1080 2995 1240 3048 virorum

79 3075 105 3116 at
124 3066 303 3119 comitatu
321 3064 612 3134 diligentissime
630 3067 810 3122 recondidit4.

230 3153 362 3222 Itaque
379 3171 496 3225 magnus
513 3155 716 3223 imperator
726 3155 856 3223 Karolus,
874 3159 1019 3223 postquam
1035 3153 1128 3206 multis
1140 3151 1240 3205 labori·
1250 3166 1279 3205 ss.
1290 3166 1338 3216 m,
1347 3168 1368 3206 1.

122 3225 174 3279 bus
192 3224 299 3278 diversa
317 3226 391 3279 orbis
409 3243 495 3295 regna
513 3226 722 3295 innumerasque
740 3227 822 3280 urbes
840 3243 856 3279 a
874 3226 944 3278 mari
968 3222 1072 3292 usqueb
1096 3223 1131 3276 ad
1155 3239 1239 3290 mare,

123 3296 222 3349 divinis
239 3295 361 3350 munitus
380 3296 515 3365 subsidiis,
534 3297 686 3351 invincibili
703 3298 828 3366 potentie
846 3314 893 3350 sue
911 3295 1024 3348 brachio
1044 3293 1200 3363 subiugavit
1212 3297 1240 3345 et

123 3367 158 3420 ab
176 3365 327 3420 infidelium
344 3371 481 3436 potestate
504 3368 638 3439 liberavit,
658 3368 812 3421 Christiano
837 3367 951 3436 imperio
977 3364 1106 3419 subdidit.
1150 3363 1239 3417 Tanto

77 3449 105 3488 40
123 3437 208 3507 igitur
232 3437 330 3491 sudore
356 3455 388 3492 ac
412 3440 490 3509 gravi
514 3439 644 3508 fatigatus
668 3440 770 3507 labore,
798 3442 829 3491 ut
855 3439 978 3505 requiem
1006 3437 1057 3490 sibi
1084 3435 1162 3489 daret
1189 3452 1240 3489 nec

123 3509 239 3578 amplius
257 3509 362 3562 bellum
380 3511 470 3578 iniret,
488 3510 638 3578 proposuit.
676 3509 720 3562 nt
745 3525 830 3564 ecoe
848 3525 898 3577 per
918 3508 1006 3562 visum
1025 3511 1107 3561 noete
1125 3505 1240 3560 intuitus

122 3580 211 3634 estin
229 3580 288 3633 celo
307 3581 444 3649 quandam
462 3582 536 3634 viam
555 3581 631 3649 quasi
651 3581 795 3648 stellatam,
821 3579 999 3648 incipientem
1024 3596 1041 3631 a
1065 3578 1135 3632 mari
1155 3577 1240 3631 Frisic

123 3655 151 3704 et
177 3651 336 3704 tendentem
361 3652 433 3706 inter
456 3656 559 3706 terram
583 3651 762 3705 Teutonieam
788 3655 814 3704 et
833 3650 951 3721 Italiam,
977 3651 1048 3703 inter
1067 3648 1187 3703 Galliam
1212 3651 1240 3701 et

121 3721 302 3790 Aquitaniam
326 3723 475 3776 rectissime
504 3726 691 3776 transeuntem
715 3739 766 3791 per
788 3721 963 3775 Wasconiaru
988 3721 1186 3788 Basculamque
1212 3722 1240 3771 et

76 3806 104 3845 45
122 3792 284 3846 Navarriam
303 3797 384 3862 atque
401 3793 573 3863 Hyspaniam
592 3811 678 3862 usque
697 3793 839 3861 Galioiam,
865 3793 912 3846 ubi
931 3810 1029 3862 eorpus
1053 3791 1127 3846 beati
1144 3789 1239 3845 Iacobi

122 4006 144 4058 a)
163 4007 194 4045 ita
208 4007 260 4055 Lep.
275 4007 347 4054 Kar.,·
360 4009 416 4047 deest
430 4019 448 4050 e.
503 4007 526 4059 b)
545 4005 582 4046 uis
596 4018 614 4049 c.

123 4203 149 4271 l)
176 4205 278 4256 Auctor
296 4203 340 4255 his
365 4204 449 4255 serbis
472 4205 641 4255 nothelmum
666 4218 741 4254 cruca
764 4204 933 4270 signatorum
954 4208 1062 4254 contum
1086 4201 1240 4266 significare

120 4273 241 4326 uidetur:
265 4274 295 4326 iu
319 4276 409 4343 gottes
433 4291 533 4326 namen
558 4272 654 4326 fahren
680 4273 737 4328 wir.
827 4277 855 4341 2)
882 4273 929 4324 Ee
953 4273 1078 4339 Legenda
1103 4270 1175 4324 Kar.
1197 4270 1239 4336 II,

121 4361 141 4399 c.
164 4347 200 4399 24
224 4350 247 4397 et
271 4362 291 4399 c.
313 4349 357 4400 21.
459 4349 487 4413 3)
514 4346 555 4410 Cf.
580 4360 668 4410 supra
688 4361 717 4411 p.
737 4348 762 4409 9,
787 4361 814 4396 c.
837 4348 862 4400 6.
963 4343 991 4412 4)
1020 4343 1062 4406 Cf.
1087 4341 1239 4407 chcsdam

73 4428 102 4467 oo
120 4415 193 4470 Kar.
212 4416 252 4482 ΙΙ,
274 4433 295 4471 c.
315 4419 356 4472 23.
