2970 4950
505 437 687 495 ANNALES
705 439 993 496 MARBAOENSES.
1274 446 1307 498 11

191 619 245 672 huc
264 620 346 684 atque
362 616 428 670 illuc
446 633 497 685 per
512 615 632 670 Galliam
650 619 679 670 et
691 616 867 671 Germaniam
886 618 1050 672 multimoda
1067 618 1200 672 divisione
1219 618 1383 674 distri-mne.

190 688 259 745 buit
296 687 392 755 ltaque
409 686 566 742 conditione
585 703 601 740 a
618 704 685 758 rege
702 689 843 756 proposita
861 692 889 742 et
906 689 941 742 ab
960 689 1014 742 illis
1032 694 1166 759 suscepta,
1189 693 1308 743 tractum

190 758 1308 898 tiitlttlttttlttllllmtitztlttlll'lu‘l.tittltllll

159 905 332 1027 tegmem}
361 901 552 970 perciperent
583 903 611 955 et
640 870 753 954 Francis
782 901 895 955 adunati
925 920 994 955 uuus
1024 850 1087 957 cim
1117 850 1308 972 eisglpopulus

192 991 207 1028 e
238 989 319 1028 ceren
333 989 374 1025 ur.

297 1042 360 1097 Hoc
390 1042 494 1097 bellum
521 1043 586 1096 licet
612 1060 662 1111 per
688 1042 804 1095 multum
836 1044 967 1112 temporis
997 1045 1118 1112 spacium
1147 1045 1308 1113 traheretur,
1318 1060 1346 1100 u.
1357 1070 1375 1100 c.
1383 1059 1404 1099 e.

191 1115 250 1184 ipse
276 1132 332 1168 non
359 1114 477 1184 amplius
502 1131 565 1168 cum
590 1113 668 1167 hoste
693 1131 774 1182 quam
798 1114 840 1167 bis
865 1114 923 1168 acie
947 1115 1076 1171 conflixit.
1122 1116 1174 1170 His
1202 1116 1308 1170 duobus

191 1186 285 1256 preliis
313 1185 405 1239 hostes
434 1184 504 1240 adeo
533 1183 672 1254 profligati
701 1188 736 1238 et
765 1183 865 1239 devicti
896 1189 973 1254 sunt,
1011 1190 1042 1239 ut
1071 1187 1185 1240 ulterius
1215 1204 1309 1257 regem

148 1273 174 1312 ιο
191 1273 281 1325 neque
298 1273 449 1325 provocare
473 1272 562 1324 neque
587 1255 709 1309 venienti
726 1255 852 1310 resistere
871 1256 1012 1313 auderent.
1048 1256 1146 1311 Plures
1164 1263 1256 1311 tamen
1276 1274 1309 1311 eo

192 1328 266 1382 bello
284 1344 319 1381 ex
343 1327 489 1381 nobilitate
506 1325 676 1380 Francorum
701 1343 783 1394 quam
801 1326 942 1381 Saxonum
969 1329 1124 1397 consumpti
1151 1334 1222 1395 sunt,
1249 1332 1308 1381 tan·

193 1399 309 1468 demque
322 1414 393 1451 anno
404 1396 546 1452 XXXIII.
558 1396 667 1450 finitum
686 1401 735 1454 est.
773 1396 842 1451 Oum
861 1399 935 1452 enim
954 1398 1061 1452 assiduo
1079 1416 1143 1453 cum
1155 1399 1309 1453 Senonibus
1319 1415 1348 1454 se.
1359 1415 1405 1455 aa.

192 1470 266 1524 bello
291 1473 450 1537 certaretur,
478 1468 615 1537 dispositis
644 1486 695 1537 per
725 1486 757 1522 co
829 1487 846 1522 a
875 1468 1056 1523 confiniorum
1086 1471 1148 1525 loca
1176 1470 1309 1540 presidiis,

192 1540 362 1610 Hyspaniam
380 1557 462 1608 quam
481 1539 601 1593 maximo
619 1543 728 1609 poterat
746 1540 781 1593 be
793 1541 813 1594 li
831 1545 965 1610 apparatu
987 1541 1160 1611 adgreditur3
1186 1543 1310 1610 saltuque

148 1628 174 1668 1⁶
192 1610 309 1681 Pyrenei
326 1615 463 1679 superato,
482 1610 609 1665 omnibus
627 1628 697 1679 quae
716 1611 821 1665 adierat
839 1611 947 1680 oppidis
966 1616 1049 1680 atque
1062 1612 1180 1667 castellis
1192 1612 1221 1666 in
1233 1612 1309 1666 dedi-

192 1683 299 1738 cionem
328 1681 455 1750 acceptis,
483 1682 558 1735 salvo
585 1685 693 1750 atque
720 1682 851 1752 incolumi
878 1683 1001 1737 exercitu
1028 1684 1190 1752 revertitur3
1217 1688 1310 1753 preter

192 1754 266 1823 quod
284 1752 313 1806 in
331 1752 391 1821 ipso
402 1751 520 1821 Pyrenei
537 1753 603 1822 iugo
616 1752 791 1806 Wascouiam
809 1753 953 1822 perfidiam
964 1772 1114 1823 parumper
1124 1755 1154 1808 in
1168 1754 1309 1808 redeundo

192 1825 308 1895 contigit
326 1824 453 1893 experiri.
489 1823 562 1878 Nam
581 1840 627 1877 eos
646 1823 692 1892 qui
709 1824 867 1878 incedentes
888 1824 1028 1879 novissimi
1050 1825 1165 1895 agminis
1189 1825 1309 1881 subsidio

191 1896 369 1965 precedentes
390 1895 539 1949 tuebantur
563 1894 680 1964 desuper
703 1894 872 1950 incursantes
897 1897 925 1949 in
951 1897 1103 1950 subiectam
1128 1897 1228 1950 vellem
1254 1897 1308 1950 dei-

147 1966 277 2034 acciunt,
296 1969 475 2034 consertoque
493 1983 557 2024 cum
577 1966 614 2019 eis
631 1966 720 2034 prelio
739 1983 824 2034 usque
844 1967 880 2021 ad
904 1985 988 2021 unum
1015 1984 1109 2021 omnes
1133 1967 1310 2035 interficiunt,

192 2055 224 2092 ac
242 2037 357 2106 direptis
374 2037 586 2106 impedimentis,
604 2037 691 2092 noctis
709 2037 850 2107 beneficio,
863 2055 933 2106 quae
946 2038 1001 2092 iem
1013 2038 1138 2106 instabat,
1151 2038 1269 2107 protecti
1281 2039 1310 2090 in

191 2109 299 2164 diversa
315 2108 517 2178 disperguntur.

299 2179 433 2233 Postea
462 2179 570 2233 domuit
599 2179 753 2248 Brittones,
784 2179 830 2247 qui
860 2180 895 2233 ad
925 2179 1096 2234 occidentem
1127 2179 1168 2248 in,
1186 2185 1310 2234 extrema
1318 2193 1347 2237 st.
1355 2205 1373 2232 ο.
1383 2193 1416 2232 10.

193 2250 312 2320 quadem
338 2254 416 2320 parte
435 2249 524 2305 Gallie
548 2267 630 2319 super
648 2251 711 2303 litus
733 2250 844 2304 occeani
867 2250 1038 2305 residentesa
1060 2250 1167 2305 obsides
1192 2251 1258 2304 dere
1282 2254 1311 2304 et

149 2338 175 2377 25
194 2339 263 2391 quae
281 2321 526 2391 imperabantur
543 2339 571 2376 se
592 2322 712 2375 facturos
738 2321 825 2376 coacti
851 2326 914 2376 sunt
938 2323 1166 2390 promittere.
1210 2321 1310 2375 Postea

194 2411 256 2447 cum
282 2392 405 2447 exercitu
422 2391 534 2446 Italiam
561 2393 697 2463 ingressus
725 2396 779 2446 est
806 2410 838 2446 ac
865 2410 915 2462 per
932 2393 1052 2447 Romam
1079 2393 1133 2447 iter
1159 2410 1242 2463 agens
1269 2392 1310 2446 ed

194 2462 316 2533 Capuam
343 2462 493 2532 campanie
519 2465 616 2518 urbem
643 2464 755 2518 accessit
785 2468 867 2532 atque
893 2465 931 2519 ibi
958 2464 1053 2533 positis
1083 2464 1178 2518 castris
1206 2464 1310 2519 bellum

194 2534 402 2604 Beneventanis,
420 2534 450 2588 ni
468 2535 640 2602 dederentur,
658 2535 839 2590 comminatus
857 2540 906 2592 est.
936 2535 1067 2590 Prevenit
1083 2535 1137 2590 hoc
1154 2535 1211 2588 dux
1222 2535 1311 2606 gentis

193 2607 348 2677 Arugysus:
373 2605 444 2659 filios
462 2622 525 2660 suos
541 2601 710 2660 Rimoldum
735 2610 762 2660 et
780 2605 955 2660 Grimoldum
980 2624 1043 2660 cum
1070 2623 1172 2676 magna
1195 2604 1311 2674 pecunia

150 2693 176 2733 so
195 2678 303 2732 obviam
323 2677 479 2731 *Karclo
497 2677 609 2732 mittens
626 2680 715 2748 rogat,
734 2681 765 2731 ut
782 2676 852 2731 tilios
871 2677 979 2732 obsides
997 2677 1133 2747 suscipiat,
1152 2693 1235 2744 seque
1248 2693 1311 2730 cum

85 2747 119 2797 ‘r-
128 2749 175 2789 149·
193 2752 276 2819 geute
294 2749 429 2818 imperata
446 2748 584 2802 facturum
600 2749 755 2818 pollicetur,
773 2753 867 2817 preter
884 2749 937 2802 hoc
956 2749 1052 2816 solum,
1071 2749 1093 2802 si
1110 2749 1168 2816 ipse
1187 2747 1222 2801 ad
1247 2764 1310 2801 con·

194 2823 318 2889 spectum
339 2818 433 2873 venire
458 2823 610 2890 cogeretur.
654 2819 724 2887 Rex,
749 2819 868 2874 utilitate
893 2820 983 2890 gentis
1007 2819 1094 2890 magis
1118 2837 1201 2888 quam
1227 2818 1311 2871 animi

194 2889 377 2944 obstinatione
395 2890 574 2959 considerata,
593 2890 699 2944 oblatos
717 2890 769 2944 sibi
787 2890 895 2944 obsides
913 2891 1031 2960 suscepit
1049 2891 1136 2959 eique,
1155 2893 1186 2943 ut
1198 2890 1233 2943 ad
1245 2907 1310 2944 con-

194 2965 318 3031 spectum
336 2961 429 3016 venire
446 2978 503 3014 non
521 2965 674 3031 cogeretur,
692 2978 743 3030 pro
764 2979 865 3032 magno
890 2979 1004 3016 munere
1028 2962 1176 3030 concessit;
1201 2976 1310 3028 unoque

150 3047 176 3088 ct
194 3049 229 3086 ex
246 3031 318 3100 filiis,
336 3032 384 3100 qui
402 3032 492 3086 minor
504 3035 571 3100 erat,
584 3033 724 3086 obsidatus
736 3033 829 3103 gracie
840 3036 956 3102 retento,
967 3033 1101 3086 maiorem
1112 3033 1185 3101 patri
1197 3031 1309 3087 remisit.

300 3102 471 3157 Bawaricum
489 3102 589 3157 deinde
605 3103 709 3157 bellum
728 3108 887 3173 strepente
905 3107 996 3157 ortum
1015 3107 1043 3158 et
1061 3103 1143 3157 celeri
1163 3101 1218 3155 fine
1236 3118 1310 3154 com·
1320 3114 1348 3154 u.
1360 3125 1379 3156 ε.
1388 3115 1421 3155 11.

193 3172 299 3244 pletum
313 3177 361 3229 est.
392 3173 472 3242 Quod
484 3174 768 3242 superbiaTassilonis
780 3174 857 3229 ducis
873 3174 1016 3243 excitavit,
1035 3174 1082 3242 qui
1100 3177 1191 3228 ortatu
1209 3172 1310 3243 uxoris,

194 3261 264 3313 quae
275 3243 332 3298 filia
341 3243 475 3298 Desiderii
487 3245 559 3314 regis
571 3249 630 3299 erat
643 3262 674 3298 ac
685 3246 772 3314 patris
785 3245 897 3300 exilium
912 3247 978 3314 *per
989 3246 1119 3299 maritum
1128 3243 1223 3298 ulcisci
1231 3260 1311 3312 posse
1320 3256 1349 3303 *r
1357 3257 1412 3299 126⁴.

193 3315 319 3386 putabat,
343 3315 436 3370 iuncto
455 3315 547 3370 federe
568 3332 631 3369 cum
649 3315 748 3384 Hunis,
773 3315 820 3385 qui
837 3315 960 3369 Bouaria
984 3318 1047 3368 sunt
1070 3315 1228 3369 oboriente
1246 3330 1309 3368 con·

149 3404 177 3441 so
193 3387 313 3454 termini,
331 3403 387 3441 non
406 3387 494 3441 solum
511 3387 646 3457 imperata
668 3405 724 3440 non
747 3387 846 3455 lacere,
872 3387 921 3440 sed
944 3386 1017 3440 bello
1042 3402 1136 3456 regem
1159 3402 1310 3453 provocare

194 3461 251 3512 tem
270 3458 380 3514 tabatb.
417 3457 484 3528 Qui
509 3459 594 3528 copiis
619 3458 740 3525 undique
758 3457 903 3511 contractis
921 3456 1074 3511 Bawariam
1092 3456 1227 3525 petiturus
1251 3456 1309 3524 ipse

194 3528 230 3582 ad
247 3475 371 3583 iiecbum
390 3546 508 3595 amnem,
532 3529 592 3597 qui
610 3528 708 3582 fluvius
726 3528 852 3583 Bawaros
877 3528 915 3581 ab
930 3528 1092 3580 Alamannis
1116 3526 1221 3594 dividit,
1246 3544 1309 3582 cum

194 3599 316 3654 maximo
339 3601 415 3655 venit
439 3599 569 3656 exercitu.
614 3599 696 3653 (luins
719 3600 748 3653 in
771 3599 833 3668 ripa
860 3599 954 3652 castris
980 3598 1127 3666 collocatis,
1152 3598 1310 3668 priusquam

193 3670 363 3739 provinciam
381 3670 505 3737 intraret,
523 3671 644 3724 animum
663 3670 739 3725 ducis
759 3688 809 3740 per
832 3669 938 3740 legatos
962 3669 1058 3723 statuit
1083 3669 1210 3740 experiri.
1254 3667 1310 3723 Sed

147 3757 175 3797 sc
194 3757 245 3796 nec
263 3741 311 3796 ille
328 3741 506 3810 pertinaciter
523 3759 605 3812 agere
629 3743 692 3796 vele
715 3742 767 3795 sibi
791 3740 835 3795 vel
853 3741 929 3812 genti
947 3741 1015 3794 utile
1033 3744 1117 3810 ratus,
1142 3742 1257 3810 supplex
1281 3756 1309 3793 se

193 3811 1166 3953 diditititillat*ittetttt‘tltnttmltiimllt
1190 3817 1310 3952 titt

192 3953 278 4023 bello,
314 3955 370 4009 uod
387 3954 539 4008 maximum
555 3923 678 4009 fu'turum
689 3955 842 4022 videbatur,
861 3955 1019 4008 celerrimus
1032 3959 1072 4008 est
1084 3954 1145 4008 finis
1158 3955 1308 4024 impositus.

228 4064 229 4067 ,
330 4025 485 4079 ismotibus
498 4025 537 4078 ita
549 4026 714 4095 compositis,
727 4025 839 4094 Sclavis,
853 4027 899 4094 qui
912 4031 1005 4079 nostra
1023 4026 1219 4081 consuetudine
1227 4026 1310 4079 Wilzi
1320 4037 1348 4079 se.
1357 4048 1375 4076 ο.
1384 4037 1418 4076 12.

147 4113 175 4152 so
193 4100 386 4165 vocantur,
405 4096 508 4151 bellum
528 4097 644 4150 inlatum
669 4101 717 4154 est.
761 4095 849 4150 Causa
874 4097 941 4150 belli
966 4101 1033 4166 erat,
1058 4097 1131 4165 quod
1149 4097 1308 4162 Abroditos,

193 4166 241 4235 qui
259 4183 321 4221 cnm
339 4167 453 4221 Francis
471 4166 538 4220 olim
562 4167 678 4222 federati
703 4173 789 4235 erant,
815 4167 922 4221 assidua
947 4168 1101 4221 incursione
1125 4167 1309 4221 lascescebant

192 4380 214 4483 a))
233 4379 342 4473 Εἶίιλανάί
360 4381 423 4422 rerba
442 4381 502 4421 dicto
523 4381 640 4421 audientes
660 4391 706 4420 non
727 4385 792 4420 erent
811 4381 846 4420 uu
865 4381 945 4420 emuna
965 4385 1022 4421 sunt.
1104 4381 1127 4432 b)
1148 4377 1273 4429 temptabit
1289 4391 1307 4419 c.

192 4443 204 4473 c
231 4444 255 4473 se
288 4446 306 4475 c.
