<?xml version="1.0" encoding="UTF-8"?>
<!DOCTYPE html PUBLIC "-//W3C//DTD XHTML 1.0 Transitional//EN"
    "http://www.w3.org/TR/xhtml1/DTD/xhtml1-transitional.dtd">
<html xmlns="http://www.w3.org/1999/xhtml" xml:lang="en" lang="en">
 <head>
  <title>
</title>
<meta http-equiv="Content-Type" content="text/html;charset=utf-8" />
  <meta name='ocr-system' content='tesseract 3.04.00' />
  <meta name='ocr-capabilities' content='ocr_page ocr_carea ocr_par ocr_line ocrx_word'/>
</head>
<body>
  <div class='ocr_page' id='page_1' title='image "./annalesmarbacen00blocgoog_0117.png"; bbox 0 0 2970 4950; ppageno 0'>
   <div class='ocr_carea' id='block_1_1' title="bbox 151 432 1058 496">
    <p class='ocr_par' dir='ltr' id='par_1_1' title="bbox 151 432 1058 496">
     <span class='ocr_line' id='line_1_1' title="bbox 151 432 1058 496; baseline -0.006 0"><span class='ocrx_word' id='word_1_1' title='bbox 151 461 156 469; x_wconf 90' lang='lat'><strong>·</strong></span> <span class='ocrx_word' id='word_1_2' title='bbox 250 441 288 496; x_wconf 84' lang='grc'>84</span> <span class='ocrx_word' id='word_1_3' title='bbox 565 433 748 489; x_wconf 81' lang='lat' dir='ltr'>ANNALES</span> <span class='ocrx_word' id='word_1_4' title='bbox 766 432 1058 494; x_wconf 82' lang='lat' dir='ltr'>MARBAUENSES.</span> 
     </span>
    </p>
   </div>
   <div class='ocr_carea' id='block_1_2' title="bbox 107 644 243 770">
    <p class='ocr_par' dir='ltr' id='par_1_2' title="bbox 107 644 243 770">
     <span class='ocr_line' id='line_1_2' title="bbox 107 644 242 684; baseline 0 -1"><span class='ocrx_word' id='word_1_5' title='bbox 107 644 158 683; x_wconf 69' lang='lat' dir='ltr'>aaa</span> <span class='ocrx_word' id='word_1_6' title='bbox 176 644 242 684; x_wconf 73' lang='lat' dir='ltr'>aaa.</span> 
     </span>
     <span class='ocr_line' id='line_1_3' title="bbox 165 716 243 770; baseline -0.051 0"><span class='ocrx_word' id='word_1_7' title='bbox 165 716 243 770; x_wconf 84' lang='lat'>1212.</span> 
     </span>
    </p>
   </div>
   <div class='ocr_carea' id='block_1_3' title="bbox 181 1705 247 1753">
    <p class='ocr_par' dir='ltr' id='par_1_3' title="bbox 181 1705 247 1753">
     <span class='ocr_line' id='line_1_4' title="bbox 181 1705 247 1753; baseline -0.03 -9"><span class='ocrx_word' id='word_1_8' title='bbox 181 1705 247 1753; x_wconf 81' lang='lat' dir='ltr'>(Oct.)</span> 
     </span>
    </p>
   </div>
   <div class='ocr_carea' id='block_1_4' title="bbox 168 2044 247 2275">
    <p class='ocr_par' dir='ltr' id='par_1_4' title="bbox 168 2044 247 2275">
     <span class='ocr_line' id='line_1_5' title="bbox 168 2044 247 2098; baseline -0.025 0"><span class='ocrx_word' id='word_1_9' title='bbox 168 2044 247 2098; x_wconf 90' lang='grc'><strong>1209.</strong></span> 
     </span>
     <span class='ocr_line' id='line_1_6' title="bbox 170 2133 246 2186; baseline -0.026 0"><span class='ocrx_word' id='word_1_10' title='bbox 170 2133 246 2186; x_wconf 87' lang='grc'><strong>1211.</strong></span> 
     </span>
     <span class='ocr_line' id='line_1_7' title="bbox 169 2221 247 2275; baseline 0 -1"><span class='ocrx_word' id='word_1_11' title='bbox 169 2221 247 2275; x_wconf 86' lang='grc'><strong>1220.</strong></span> 
     </span>
    </p>
   </div>
   <div class='ocr_carea' id='block_1_5' title="bbox 158 2521 248 2665">
    <p class='ocr_par' dir='ltr' id='par_1_5' title="bbox 158 2521 248 2665">
     <span class='ocr_line' id='line_1_8' title="bbox 171 2521 248 2576; baseline -0.039 0"><span class='ocrx_word' id='word_1_12' title='bbox 171 2521 248 2576; x_wconf 89' lang='grc'><strong>1215.</strong></span> 
     </span>
     <span class='ocr_line' id='line_1_9' title="bbox 158 2625 248 2665; baseline -0.011 0"><span class='ocrx_word' id='word_1_13' title='bbox 158 2627 203 2665; x_wconf 78' lang='lat' dir='ltr'>ruz.</span> <span class='ocrx_word' id='word_1_14' title='bbox 214 2625 248 2665; x_wconf 78' lang='lat' dir='ltr'>aa.</span> 
     </span>
    </p>
   </div>
   <div class='ocr_carea' id='block_1_6' title="bbox 171 2873 248 3017">
    <p class='ocr_par' dir='ltr' id='par_1_6' title="bbox 171 2873 248 3017">
     <span class='ocr_line' id='line_1_10' title="bbox 171 2873 248 2928; baseline 0 -1"><span class='ocrx_word' id='word_1_15' title='bbox 171 2873 248 2928; x_wconf 90' lang='grc'><strong>1221.</strong></span> 
     </span>
     <span class='ocr_line' id='line_1_11' title="bbox 171 2963 248 3017; baseline -0.026 0"><span class='ocrx_word' id='word_1_16' title='bbox 171 2963 248 3017; x_wconf 88' lang='grc'><strong>1213.</strong></span> 
     </span>
    </p>
   </div>
   <div class='ocr_carea' id='block_1_7' title="bbox 252 616 1422 2299">
    <p class='ocr_par' dir='ltr' id='par_1_7' title="bbox 252 616 1419 1675">
     <span class='ocr_line' id='line_1_12' title="bbox 253 616 1373 704; baseline -0.004 -20"><span class='ocrx_word' id='word_1_17' title='bbox 253 639 362 704; x_wconf 87' lang='lat' dir='ltr'>usque</span> <span class='ocrx_word' id='word_1_18' title='bbox 378 619 542 683; x_wconf 88' lang='lat' dir='ltr'>Brisache</span> <span class='ocrx_word' id='word_1_19' title='bbox 565 618 698 701; x_wconf 87' lang='lat' dir='ltr'>regium</span> <span class='ocrx_word' id='word_1_20' title='bbox 720 617 885 702; x_wconf 89' lang='lat' dir='ltr'>oppidum</span> <span class='ocrx_word' id='word_1_21' title='bbox 896 616 917 694; x_wconf 85' lang='lat'>¹,</span> <span class='ocrx_word' id='word_1_22' title='bbox 942 617 1124 701; x_wconf 73' lang='lat' dir='ltr'><strong>prestolari</strong></span> <span class='ocrx_word' id='word_1_23' title='bbox 1138 616 1258 681; x_wconf 86' lang='lat' dir='ltr'>volans</span> <span class='ocrx_word' id='word_1_24' title='bbox 1278 636 1373 683; x_wconf 84' lang='lat' dir='ltr'>even·</span> 
     </span>
     <span class='ocr_line' id='line_1_13' title="bbox 252 705 1372 790; baseline -0.005 -17"><span class='ocrx_word' id='word_1_25' title='bbox 252 712 330 773; x_wconf 89' lang='lat' dir='ltr'>tum</span> <span class='ocrx_word' id='word_1_26' title='bbox 358 708 419 786; x_wconf 88' lang='lat' dir='ltr'>rei,</span> <span class='ocrx_word' id='word_1_27' title='bbox 449 707 478 772; x_wconf 90' lang='grc'>91</span> <span class='ocrx_word' id='word_1_28' title='bbox 508 727 575 790; x_wconf 92' lang='lat' dir='ltr'>quo</span> <span class='ocrx_word' id='word_1_29' title='bbox 606 707 708 770; x_wconf 89' lang='lat' dir='ltr'>modo</span> <span class='ocrx_word' id='word_1_30' title='bbox 733 708 848 789; x_wconf 88' lang='lat' dir='ltr'>posset</span> <span class='ocrx_word' id='word_1_31' title='bbox 872 705 998 771; x_wconf 88' lang='lat' dir='ltr'>habere</span> <span class='ocrx_word' id='word_1_32' title='bbox 1023 707 1156 790; x_wconf 89' lang='lat' dir='ltr'>copiam</span> <span class='ocrx_word' id='word_1_33' title='bbox 1179 705 1372 770; x_wconf 87' lang='lat' dir='ltr'>resistendi.</span> 
     </span>
     <span class='ocr_line' id='line_1_14' title="bbox 253 793 1374 878; baseline -0.004 -16"><span class='ocrx_word' id='word_1_34' title='bbox 253 797 324 862; x_wconf 87' lang='lat' dir='ltr'>Ubi</span> <span class='ocrx_word' id='word_1_35' title='bbox 339 799 421 862; x_wconf 91' lang='lat' dir='ltr'>dum</span> <span class='ocrx_word' id='word_1_36' title='bbox 439 799 593 860; x_wconf 86' lang='lat' dir='ltr'>moratur</span> <span class='ocrx_word' id='word_1_37' title='bbox 608 796 645 858; x_wconf 93' lang='lat' dir='ltr'>in</span> <span class='ocrx_word' id='word_1_38' title='bbox 661 794 821 878; x_wconf 89' lang='lat' dir='ltr'>presidio,</span> <span class='ocrx_word' id='word_1_39' title='bbox 846 795 1030 878; x_wconf 73' lang='lat' dir='ltr'>stipatores</span> <span class='ocrx_word' id='word_1_40' title='bbox 1049 798 1084 860; x_wconf 87' lang='grc'>91</span> <span class='ocrx_word' id='word_1_41' title='bbox 1101 794 1162 858; x_wconf 90' lang='lat' dir='ltr'>alii</span> <span class='ocrx_word' id='word_1_42' title='bbox 1181 794 1224 858; x_wconf 90' lang='lat' dir='ltr'>de</span> <span class='ocrx_word' id='word_1_43' title='bbox 1240 793 1374 858; x_wconf 75' lang='lat' dir='ltr'>familia</span> 
     </span>
     <span class='ocr_line' id='line_1_15' title="bbox 254 883 1374 966; baseline -0.004 -16"><span class='ocrx_word' id='word_1_44' title='bbox 254 906 326 961; x_wconf 87' lang='lat' dir='ltr'>sua,</span> <span class='ocrx_word' id='word_1_45' title='bbox 362 887 452 949; x_wconf 85' lang='lat' dir='ltr'>sicut</span> <span class='ocrx_word' id='word_1_46' title='bbox 486 885 523 947; x_wconf 92' lang='lat' dir='ltr'>id</span> <span class='ocrx_word' id='word_1_47' title='bbox 556 888 667 966; x_wconf 85' lang='lat' dir='ltr'>genus</span> <span class='ocrx_word' id='word_1_48' title='bbox 697 884 876 947; x_wconf 91' lang='lat' dir='ltr'>hominum</span> <span class='ocrx_word' id='word_1_49' title='bbox 906 883 1009 947; x_wconf 86' lang='lat' dir='ltr'>nimis</span> <span class='ocrx_word' id='word_1_50' title='bbox 1039 883 1219 949; x_wconf 73' lang='lat' dir='ltr'>licentiose</span> <span class='ocrx_word' id='word_1_51' title='bbox 1243 886 1279 947; x_wconf 91' lang='lat' dir='ltr'>et</span> <span class='ocrx_word' id='word_1_52' title='bbox 1302 903 1374 966; x_wconf 85' lang='lat' dir='ltr'>pre</span> 
     </span>
     <span class='ocr_line' id='line_1_16' title="bbox 255 971 1405 1059; baseline -0.004 -20"><span class='ocrx_word' id='word_1_53' title='bbox 255 976 455 1059; x_wconf 79' lang='lat' dir='ltr'>sumptuose</span> <span class='ocrx_word' id='word_1_54' title='bbox 501 972 624 1037; x_wconf 87' lang='lat' dir='ltr'>volunt</span> <span class='ocrx_word' id='word_1_55' title='bbox 670 972 798 1036; x_wconf 86' lang='lat' dir='ltr'>habere</span> <span class='ocrx_word' id='word_1_56' title='bbox 844 973 972 1048; x_wconf 91' lang='lat' dir='ltr'>omnia,</span> <span class='ocrx_word' id='word_1_57' title='bbox 1019 971 1227 1036; x_wconf 87' lang='lat' dir='ltr'>insolentius</span> <span class='ocrx_word' id='word_1_58' title='bbox 1273 991 1405 1054; x_wconf 81' lang='lat' dir='ltr'>ageres</span> 
     </span>
     <span class='ocr_line' id='line_1_17' title="bbox 255 1059 1374 1148; baseline -0.003 -21"><span class='ocrx_word' id='word_1_59' title='bbox 255 1066 422 1148; x_wconf 87' lang='lat' dir='ltr'>ceperunt</span> <span class='ocrx_word' id='word_1_60' title='bbox 446 1081 528 1144; x_wconf 84' lang='lat' dir='ltr'>erga</span> <span class='ocrx_word' id='word_1_61' title='bbox 550 1061 748 1145; x_wconf 83' lang='lat' dir='ltr'>burgenses,</span> <span class='ocrx_word' id='word_1_62' title='bbox 772 1063 845 1124; x_wconf 87' lang='lat' dir='ltr'>tam</span> <span class='ocrx_word' id='word_1_63' title='bbox 866 1080 990 1144; x_wconf 87' lang='lat' dir='ltr'>pecora</span> <span class='ocrx_word' id='word_1_64' title='bbox 1005 1080 1108 1143; x_wconf 88' lang='lat' dir='ltr'>quam</span> <span class='ocrx_word' id='word_1_65' title='bbox 1132 1059 1320 1125; x_wconf 67' lang='lat' dir='ltr'>babulu&#39;ma</span> <span class='ocrx_word' id='word_1_66' title='bbox 1340 1063 1374 1124; x_wconf 97' lang='grc'>91</span> 
     </span>
     <span class='ocr_line' id='line_1_18' title="bbox 254 1148 1374 1232; baseline -0.004 -15"><span class='ocrx_word' id='word_1_67' title='bbox 254 1153 372 1217; x_wconf 80' lang='lat' dir='ltr'>vinum</span> <span class='ocrx_word' id='word_1_68' title='bbox 398 1157 434 1216; x_wconf 87' lang='lat' dir='ltr'>et</span> <span class='ocrx_word' id='word_1_69' title='bbox 457 1154 572 1215; x_wconf 86' lang='lat' dir='ltr'>cetera</span> <span class='ocrx_word' id='word_1_70' title='bbox 595 1169 683 1232; x_wconf 86' lang='lat' dir='ltr'>quae</span> <span class='ocrx_word' id='word_1_71' title='bbox 706 1148 846 1213; x_wconf 90' lang='lat' dir='ltr'>illorum</span> <span class='ocrx_word' id='word_1_72' title='bbox 870 1151 969 1213; x_wconf 89' lang='lat' dir='ltr'>erant</span> <span class='ocrx_word' id='word_1_73' title='bbox 991 1148 1162 1214; x_wconf 87' lang='lat' dir='ltr'>violenter</span> <span class='ocrx_word' id='word_1_74' title='bbox 1184 1148 1374 1214; x_wconf 82' lang='lat' dir='ltr'>auferendo</span> 
     </span>
     <span class='ocr_line' id='line_1_19' title="bbox 255 1237 1375 1323; baseline -0.006 -17"><span class='ocrx_word' id='word_1_75' title='bbox 255 1243 292 1306; x_wconf 95' lang='grc'>91</span> <span class='ocrx_word' id='word_1_76' title='bbox 315 1260 385 1304; x_wconf 92' lang='lat' dir='ltr'>non</span> <span class='ocrx_word' id='word_1_77' title='bbox 408 1239 590 1323; x_wconf 87' lang='lat' dir='ltr'>parcendo.</span> <span class='ocrx_word' id='word_1_78' title='bbox 637 1238 738 1302; x_wconf 90' lang='lat' dir='ltr'>Unde</span> <span class='ocrx_word' id='word_1_79' title='bbox 771 1237 961 1302; x_wconf 87' lang='lat' dir='ltr'>multitudo</span> <span class='ocrx_word' id='word_1_80' title='bbox 992 1238 1112 1320; x_wconf 88' lang='lat' dir='ltr'>populi</span> <span class='ocrx_word' id='word_1_81' title='bbox 1143 1241 1317 1303; x_wconf 85' lang='lat' dir='ltr'>commota</span> <span class='ocrx_word' id='word_1_82' title='bbox 1338 1237 1375 1300; x_wconf 91' lang='lat' dir='ltr'>in</span> 
     </span>
     <span class='ocr_line' id='line_1_20' title="bbox 256 1326 1374 1410; baseline -0.005 -16"><span class='ocrx_word' id='word_1_83' title='bbox 256 1329 459 1394; x_wconf 87' lang='lat' dir='ltr'>seditionem</span> <span class='ocrx_word' id='word_1_84' title='bbox 481 1327 629 1391; x_wconf 87' lang='lat' dir='ltr'>vertitur</span> <span class='ocrx_word' id='word_1_85' title='bbox 648 1331 693 1404; x_wconf 87' lang='grc'>91,</span> <span class='ocrx_word' id='word_1_86' title='bbox 714 1326 916 1410; x_wconf 86' lang='lat' dir='ltr'>perturbato</span> <span class='ocrx_word' id='word_1_87' title='bbox 937 1327 1103 1410; x_wconf 79' lang='lat' dir='ltr'>principe,</span> <span class='ocrx_word' id='word_1_88' title='bbox 1121 1328 1254 1390; x_wconf 87' lang='lat' dir='ltr'>armata</span> <span class='ocrx_word' id='word_1_89' title='bbox 1271 1347 1374 1389; x_wconf 89' lang='lat' dir='ltr'>manu</span> 
     </span>
     <span class='ocr_line' id='line_1_21' title="bbox 256 1414 1419 1501; baseline -0.005 -20"><span class='ocrx_word' id='word_1_90' title='bbox 256 1418 369 1501; x_wconf 90' lang='lat' dir='ltr'>ipsum</span> <span class='ocrx_word' id='word_1_91' title='bbox 382 1416 544 1480; x_wconf 85' lang='lat' dir='ltr'>Ottonem</span> <span class='ocrx_word' id='word_1_92' title='bbox 560 1435 638 1478; x_wconf 90' lang='lat' dir='ltr'>cum</span> <span class='ocrx_word' id='word_1_93' title='bbox 651 1415 721 1479; x_wconf 86' lang='lat' dir='ltr'>suis</span> <span class='ocrx_word' id='word_1_94' title='bbox 734 1415 893 1479; x_wconf 83' lang='lat' dir='ltr'>omnibus</span> <span class='ocrx_word' id='word_1_95' title='bbox 906 1415 1090 1492; x_wconf 81' lang='lat' dir='ltr'>eiecerunt,</span> <span class='ocrx_word' id='word_1_96' title='bbox 1104 1415 1311 1498; x_wconf 85' lang='lat' dir='ltr'>quibusdam</span> <span class='ocrx_word' id='word_1_97' title='bbox 1327 1414 1376 1478; x_wconf 94' lang='lat' dir='ltr'>ibi</span> <span class='ocrx_word' id='word_1_98' title='bbox 1393 1437 1419 1476; x_wconf 78' lang='lat' dir='ltr'>io</span> 
     </span>
     <span class='ocr_line' id='line_1_22' title="bbox 256 1502 1375 1582; baseline -0.004 -13"><span class='ocrx_word' id='word_1_99' title='bbox 256 1505 447 1569; x_wconf 87' lang='lat' dir='ltr'>vulneratis</span> <span class='ocrx_word' id='word_1_100' title='bbox 468 1508 503 1568; x_wconf 87' lang='grc'>91</span> <span class='ocrx_word' id='word_1_101' title='bbox 519 1502 700 1567; x_wconf 86' lang='lat' dir='ltr'>mutilatis.</span> <span class='ocrx_word' id='word_1_102' title='bbox 740 1502 810 1582; x_wconf 79' lang='lat' dir='ltr'>Qui</span> <span class='ocrx_word' id='word_1_103' title='bbox 825 1504 987 1569; x_wconf 89' lang='lat' dir='ltr'>secedens</span> <span class='ocrx_word' id='word_1_104' title='bbox 1001 1503 1083 1568; x_wconf 90' lang='lat' dir='ltr'>inde</span> <span class='ocrx_word' id='word_1_105' title='bbox 1099 1523 1255 1568; x_wconf 85' lang='lat' dir='ltr'>reversus</span> <span class='ocrx_word' id='word_1_106' title='bbox 1272 1503 1375 1567; x_wconf 87' lang='lat' dir='ltr'>estin</span> 
     </span>
     <span class='ocr_line' id='line_1_23' title="bbox 258 1591 1375 1675; baseline -0.005 -17"><span class='ocrx_word' id='word_1_107' title='bbox 258 1594 452 1668; x_wconf 79' lang='lat' dir='ltr'>Saxoniam,</span> <span class='ocrx_word' id='word_1_108' title='bbox 467 1592 739 1656; x_wconf 74' lang='lat' dir='ltr'>conducentibus</span> <span class='ocrx_word' id='word_1_109' title='bbox 753 1612 830 1656; x_wconf 91' lang='lat' dir='ltr'>eum</span> <span class='ocrx_word' id='word_1_110' title='bbox 843 1591 1050 1675; x_wconf 86' lang='lat' dir='ltr'>quibusdam</span> <span class='ocrx_word' id='word_1_111' title='bbox 1062 1594 1154 1658; x_wconf 88' lang='lat' dir='ltr'>terre</span> <span class='ocrx_word' id='word_1_112' title='bbox 1170 1591 1346 1656; x_wconf 87' lang='lat' dir='ltr'>nobilibus</span> <span class='ocrx_word' id='word_1_113' title='bbox 1354 1591 1375 1652; x_wconf 82' lang='lat'>².</span> 
     </span>
    </p>

    <p class='ocr_par' dir='ltr' id='par_1_8' title="bbox 258 1680 1422 2012">
     <span class='ocr_line' id='line_1_24' title="bbox 365 1680 1375 1745; baseline -0.001 0"><span class='ocrx_word' id='word_1_114' title='bbox 365 1681 559 1745; x_wconf 82' lang='lat' dir='ltr'>Fridericus</span> <span class='ocrx_word' id='word_1_115' title='bbox 599 1683 715 1744; x_wconf 88' lang='lat' dir='ltr'>autem</span> <span class='ocrx_word' id='word_1_116' title='bbox 753 1680 891 1745; x_wconf 88' lang='lat' dir='ltr'>obsesso</span> <span class='ocrx_word' id='word_1_117' title='bbox 930 1685 965 1745; x_wconf 87' lang='lat' dir='ltr'>et</span> <span class='ocrx_word' id='word_1_118' title='bbox 1005 1681 1123 1745; x_wconf 84' lang='lat' dir='ltr'>dedito</span> <span class='ocrx_word' id='word_1_119' title='bbox 1158 1680 1225 1744; x_wconf 89' lang='lat' dir='ltr'>sibi</span> <span class='ocrx_word' id='word_1_120' title='bbox 1264 1682 1375 1745; x_wconf 84' lang='lat' dir='ltr'>castro</span> 
     </span>
     <span class='ocr_line' id='line_1_25' title="bbox 258 1768 1376 1853; baseline -0.004 -19"><span class='ocrx_word' id='word_1_121' title='bbox 258 1770 488 1853; x_wconf 76' lang='lat' dir='ltr'>Hagenowe3,</span> <span class='ocrx_word' id='word_1_122' title='bbox 518 1769 610 1852; x_wconf 91' lang='lat' dir='ltr'>quod</span> <span class='ocrx_word' id='word_1_123' title='bbox 634 1769 748 1833; x_wconf 90' lang='lat' dir='ltr'>adhuc</span> <span class='ocrx_word' id='word_1_124' title='bbox 771 1769 939 1834; x_wconf 86' lang='lat' dir='ltr'>tenebant</span> <span class='ocrx_word' id='word_1_125' title='bbox 963 1769 1082 1835; x_wconf 86' lang='lat' dir='ltr'>fideles</span> <span class='ocrx_word' id='word_1_126' title='bbox 1106 1768 1256 1847; x_wconf 88' lang='lat' dir='ltr'>Ottonis,</span> <span class='ocrx_word' id='word_1_127' title='bbox 1286 1768 1376 1834; x_wconf 88' lang='lat' dir='ltr'>veni·</span> 
     </span>
     <span class='ocr_line' id='line_1_26' title="bbox 258 1858 1422 1942; baseline -0.006 -18"><span class='ocrx_word' id='word_1_128' title='bbox 258 1859 340 1924; x_wconf 87' lang='lat' dir='ltr'>ebat</span> <span class='ocrx_word' id='word_1_129' title='bbox 364 1860 406 1923; x_wconf 89' lang='lat' dir='ltr'>de</span> <span class='ocrx_word' id='word_1_130' title='bbox 430 1858 571 1922; x_wconf 85' lang='lat' dir='ltr'>civitate</span> <span class='ocrx_word' id='word_1_131' title='bbox 594 1859 631 1920; x_wconf 90' lang='lat' dir='ltr'>in</span> <span class='ocrx_word' id='word_1_132' title='bbox 655 1858 842 1934; x_wconf 87' lang='lat' dir='ltr'>civitatem,</span> <span class='ocrx_word' id='word_1_133' title='bbox 867 1861 902 1922; x_wconf 89' lang='grc'>91</span> <span class='ocrx_word' id='word_1_134' title='bbox 926 1860 1130 1942; x_wconf 84' lang='lat' dir='ltr'>receperunt</span> <span class='ocrx_word' id='word_1_135' title='bbox 1154 1877 1249 1936; x_wconf 73' lang='lat' dir='ltr'>eum,</span> <span class='ocrx_word' id='word_1_136' title='bbox 1281 1861 1317 1922; x_wconf 92' lang='grc'>91</span> <span class='ocrx_word' id='word_1_137' title='bbox 1339 1858 1376 1920; x_wconf 94' lang='lat' dir='ltr'>in</span> <span class='ocrx_word' id='word_1_138' title='bbox 1395 1877 1422 1917; x_wconf 82' lang='lat' dir='ltr'>n&gt;</span> 
     </span>
     <span class='ocr_line' id='line_1_27' title="bbox 258 1946 712 2012; baseline -0.011 0"><span class='ocrx_word' id='word_1_139' title='bbox 258 1949 353 2012; x_wconf 86' lang='lat' dir='ltr'>brevi</span> <span class='ocrx_word' id='word_1_140' title='bbox 377 1947 530 2012; x_wconf 76' lang='lat' dir='ltr'>obtinuit</span> <span class='ocrx_word' id='word_1_141' title='bbox 553 1949 680 2010; x_wconf 85' lang='lat' dir='ltr'>terram</span> <span class='ocrx_word' id='word_1_142' title='bbox 689 1946 712 2006; x_wconf 78' lang='lat'>⁴.</span> 
     </span>
    </p>

    <p class='ocr_par' dir='ltr' id='par_1_9' title="bbox 257 2035 1376 2299">
     <span class='ocr_line' id='line_1_28' title="bbox 366 2035 1376 2118; baseline -0.003 -18"><span class='ocrx_word' id='word_1_143' title='bbox 366 2037 463 2100; x_wconf 88' lang='lat' dir='ltr'>Idem</span> <span class='ocrx_word' id='word_1_144' title='bbox 488 2035 683 2099; x_wconf 75' lang='lat' dir='ltr'>I&#39;ridericus</span> <span class='ocrx_word' id='word_1_145' title='bbox 710 2035 780 2097; x_wconf 91' lang='lat' dir='ltr'>iam</span> <span class='ocrx_word' id='word_1_146' title='bbox 804 2036 950 2100; x_wconf 85' lang='lat' dir='ltr'>duxerat</span> <span class='ocrx_word' id='word_1_147' title='bbox 973 2055 1113 2100; x_wconf 87' lang='lat' dir='ltr'>uxorem</span> <span class='ocrx_word' id='word_1_148' title='bbox 1137 2035 1293 2118; x_wconf 84' lang='lat' dir='ltr'>reginam</span> <span class='ocrx_word' id='word_1_149' title='bbox 1317 2036 1376 2098; x_wconf 73' lang='lat' dir='ltr'>Am</span> 
     </span>
     <span class='ocr_line' id='line_1_29' title="bbox 257 2123 1376 2209; baseline -0.002 -20"><span class='ocrx_word' id='word_1_150' title='bbox 257 2146 424 2209; x_wconf 87' lang='lat' dir='ltr'>ragonum</span> <span class='ocrx_word' id='word_1_151' title='bbox 437 2124 457 2200; x_wconf 86' lang='lat'>⁵,</span> <span class='ocrx_word' id='word_1_152' title='bbox 498 2124 540 2187; x_wconf 86' lang='lat' dir='ltr'>de</span> <span class='ocrx_word' id='word_1_153' title='bbox 575 2144 643 2207; x_wconf 89' lang='lat' dir='ltr'>qua</span> <span class='ocrx_word' id='word_1_154' title='bbox 677 2123 799 2207; x_wconf 84' lang='lat' dir='ltr'>genuit</span> <span class='ocrx_word' id='word_1_155' title='bbox 837 2123 947 2187; x_wconf 89' lang='lat' dir='ltr'>filium</span> <span class='ocrx_word' id='word_1_156' title='bbox 985 2124 1123 2188; x_wconf 90' lang='lat' dir='ltr'>nomine</span> <span class='ocrx_word' id='word_1_157' title='bbox 1161 2123 1376 2201; x_wconf 88' lang='lat' dir='ltr'>Heinricnm,</span> 
     </span>
     <span class='ocr_line' id='line_1_30' title="bbox 257 2213 548 2299; baseline -0.014 -21"><span class='ocrx_word' id='word_1_158' title='bbox 257 2216 377 2299; x_wconf 84' lang='lat' dir='ltr'>postea</span> <span class='ocrx_word' id='word_1_159' title='bbox 400 2233 516 2296; x_wconf 86' lang='lat' dir='ltr'>regem</span> <span class='ocrx_word' id='word_1_160' title='bbox 527 2213 548 2274; x_wconf 78' lang='lat'>⁶.</span> 
     </span>
    </p>
   </div>
   <div class='ocr_carea' id='block_1_8' title="bbox 683 2405 1425 2469">
    <p class='ocr_par' dir='ltr' id='par_1_10' title="bbox 683 2405 1425 2469">
     <span class='ocr_line' id='line_1_31' title="bbox 683 2405 1425 2469; baseline -0.004 0"><span class='ocrx_word' id='word_1_161' title='bbox 683 2405 955 2469; x_wconf 76' lang='grc'><strong>0001100000.</strong></span> <span class='ocrx_word' id='word_1_162' title='bbox 1396 2428 1425 2466; x_wconf 78' lang='lat' dir='ltr'>a</span> 
     </span>
    </p>
   </div>
   <div class='ocr_carea' id='block_1_9' title="bbox 259 2508 1426 3217">
    <p class='ocr_par' dir='ltr' id='par_1_11' title="bbox 259 2508 1426 2951">
     <span class='ocr_line' id='line_1_32' title="bbox 365 2508 1379 2597; baseline -0.001 -21"><span class='ocrx_word' id='word_1_163' title='bbox 365 2508 488 2577; x_wconf 76' lang='lat' dir='ltr'>Annob</span> <span class='ocrx_word' id='word_1_164' title='bbox 508 2512 710 2577; x_wconf 80' lang='lat' dir='ltr'>MOUXIII.</span> <span class='ocrx_word' id='word_1_165' title='bbox 750 2514 945 2578; x_wconf 79' lang='lat' dir='ltr'>Fridericus</span> <span class='ocrx_word' id='word_1_166' title='bbox 966 2513 1095 2577; x_wconf 87' lang='lat' dir='ltr'>curiam</span> <span class='ocrx_word' id='word_1_167' title='bbox 1112 2513 1322 2597; x_wconf 86' lang='lat' dir='ltr'>Aquisgrani</span> <span class='ocrx_word' id='word_1_168' title='bbox 1341 2512 1379 2575; x_wconf 91' lang='lat' dir='ltr'>in</span> 
     </span>
     <span class='ocr_line' id='line_1_33' title="bbox 259 2600 1378 2685; baseline -0.001 -20"><span class='ocrx_word' id='word_1_169' title='bbox 259 2604 349 2667; x_wconf 85' lang='grc'><strong>19910</strong></span> <span class='ocrx_word' id='word_1_170' title='bbox 373 2602 467 2667; x_wconf 86' lang='lat' dir='ltr'>beati</span> <span class='ocrx_word' id='word_1_171' title='bbox 490 2603 609 2666; x_wconf 88' lang='lat' dir='ltr'>Iacobi</span> <span class='ocrx_word' id='word_1_172' title='bbox 632 2602 756 2666; x_wconf 87' lang='lat' dir='ltr'>habuit</span> <span class='ocrx_word' id='word_1_173' title='bbox 768 2601 787 2663; x_wconf 88' lang='lat'>⁷.</span> <span class='ocrx_word' id='word_1_174' title='bbox 837 2602 903 2667; x_wconf 91' lang='lat' dir='ltr'>Ubi</span> <span class='ocrx_word' id='word_1_175' title='bbox 927 2604 969 2666; x_wconf 86' lang='lat' dir='ltr'>de</span> <span class='ocrx_word' id='word_1_176' title='bbox 994 2621 1162 2666; x_wconf 88' lang='lat' dir='ltr'>consensu</span> <span class='ocrx_word' id='word_1_177' title='bbox 1184 2600 1378 2685; x_wconf 86' lang='lat' dir='ltr'>principum</span> 
     </span>
     <span class='ocr_line' id='line_1_34' title="bbox 259 2689 1379 2774; baseline -0.001 -21"><span class='ocrx_word' id='word_1_178' title='bbox 259 2690 393 2754; x_wconf 87' lang='lat' dir='ltr'>locatus</span> <span class='ocrx_word' id='word_1_179' title='bbox 417 2693 469 2754; x_wconf 88' lang='lat' dir='ltr'>est</span> <span class='ocrx_word' id='word_1_180' title='bbox 492 2691 529 2752; x_wconf 91' lang='lat' dir='ltr'>in</span> <span class='ocrx_word' id='word_1_181' title='bbox 552 2691 667 2754; x_wconf 88' lang='lat' dir='ltr'>sedem</span> <span class='ocrx_word' id='word_1_182' title='bbox 690 2691 790 2774; x_wconf 87' lang='lat' dir='ltr'>regni</span> <span class='ocrx_word' id='word_1_183' title='bbox 819 2694 855 2755; x_wconf 88' lang='grc'>91</span> <span class='ocrx_word' id='word_1_184' title='bbox 884 2691 1013 2755; x_wconf 86' lang='lat' dir='ltr'>ibidem</span> <span class='ocrx_word' id='word_1_185' title='bbox 1043 2711 1121 2754; x_wconf 91' lang='lat' dir='ltr'>cum</span> <span class='ocrx_word' id='word_1_186' title='bbox 1152 2689 1271 2753; x_wconf 86' lang='lat' dir='ltr'>multis</span> <span class='ocrx_word' id='word_1_187' title='bbox 1301 2689 1379 2754; x_wconf 89' lang='lat' dir='ltr'>aliis</span> 
     </span>
     <span class='ocr_line' id='line_1_35' title="bbox 260 2777 1378 2863; baseline 0 -21"><span class='ocrx_word' id='word_1_188' title='bbox 260 2779 540 2862; x_wconf 86' lang='lat' dir='ltr'>crucesignatus</span> <span class='ocrx_word' id='word_1_189' title='bbox 565 2783 625 2853; x_wconf 86' lang='lat' dir='ltr'>est,</span> <span class='ocrx_word' id='word_1_190' title='bbox 656 2780 857 2863; x_wconf 87' lang='lat' dir='ltr'>predicante</span> <span class='ocrx_word' id='word_1_191' title='bbox 887 2780 1052 2862; x_wconf 86' lang='lat' dir='ltr'>magistro</span> <span class='ocrx_word' id='word_1_192' title='bbox 1076 2777 1264 2842; x_wconf 80' lang='lat' dir='ltr'>Ohdnrado</span> <span class='ocrx_word' id='word_1_193' title='bbox 1293 2780 1378 2842; x_wconf 90' lang='lat' dir='ltr'>tunc</span> 
     </span>
     <span class='ocr_line' id='line_1_36' title="bbox 260 2867 1426 2951; baseline -0.006 -20"><span class='ocrx_word' id='word_1_194' title='bbox 260 2868 400 2944; x_wconf 85' lang='lat' dir='ltr'>decano,</span> <span class='ocrx_word' id='word_1_195' title='bbox 414 2868 472 2949; x_wconf 88' lang='lat' dir='ltr'>qui</span> <span class='ocrx_word' id='word_1_196' title='bbox 488 2868 628 2950; x_wconf 85' lang='lat' dir='ltr'>postea⁸</span> <span class='ocrx_word' id='word_1_197' title='bbox 639 2869 754 2931; x_wconf 86' lang='lat' dir='ltr'>factus</span> <span class='ocrx_word' id='word_1_198' title='bbox 767 2871 819 2931; x_wconf 88' lang='lat' dir='ltr'>est</span> <span class='ocrx_word' id='word_1_199' title='bbox 833 2868 1175 2951; x_wconf 86' lang='lat' dir='ltr'>Hyldensheimensis</span> <span class='ocrx_word' id='word_1_200' title='bbox 1187 2867 1377 2950; x_wconf 84' lang='lat' dir='ltr'>episcopus.</span> <span class='ocrx_word' id='word_1_201' title='bbox 1397 2885 1426 2924; x_wconf 75' lang='lat' dir='ltr'>aa</span> 
     </span>
    </p>

    <p class='ocr_par' dir='ltr' id='par_1_12' title="bbox 259 2955 1379 3217">
     <span class='ocr_line' id='line_1_37' title="bbox 366 2955 1378 3041; baseline -0.002 -22"><span class='ocrx_word' id='word_1_202' title='bbox 366 2956 443 3020; x_wconf 91' lang='lat' dir='ltr'>Hoc</span> <span class='ocrx_word' id='word_1_203' title='bbox 466 2957 643 3039; x_wconf 86' lang='lat' dir='ltr'>tempore⁹</span> <span class='ocrx_word' id='word_1_204' title='bbox 667 2956 751 3020; x_wconf 87' lang='lat' dir='ltr'>Otto</span> <span class='ocrx_word' id='word_1_205' title='bbox 776 2957 963 3041; x_wconf 83' lang='lat' dir='ltr'>imperator</span> <span class='ocrx_word' id='word_1_206' title='bbox 993 2956 1165 3038; x_wconf 81' lang='lat' dir='ltr'>quoddam</span> <span class='ocrx_word' id='word_1_207' title='bbox 1197 2955 1378 3020; x_wconf 86' lang='lat' dir='ltr'>cenobium</span> 
     </span>
     <span class='ocr_line' id='line_1_38' title="bbox 259 3043 1378 3127; baseline -0.002 -19"><span class='ocrx_word' id='word_1_208' title='bbox 259 3045 573 3109; x_wconf 85' lang='lat' dir='ltr'>sanctimonialium</span> <span class='ocrx_word' id='word_1_209' title='bbox 609 3045 746 3109; x_wconf 88' lang='lat' dir='ltr'>nomine</span> <span class='ocrx_word' id='word_1_210' title='bbox 778 3043 1091 3122; x_wconf 76' lang='lat' dir='ltr'>Quittelineburcb,</span> <span class='ocrx_word' id='word_1_211' title='bbox 1124 3065 1185 3127; x_wconf 91' lang='lat' dir='ltr'>pro</span> <span class='ocrx_word' id='word_1_212' title='bbox 1216 3064 1256 3108; x_wconf 91' lang='lat' dir='ltr'>eo</span> <span class='ocrx_word' id='word_1_213' title='bbox 1286 3045 1378 3126; x_wconf 89' lang='lat' dir='ltr'>quod</span> 
     </span>
     <span class='ocr_line' id='line_1_39' title="bbox 259 3132 1379 3217; baseline -0.004 -19"><span class='ocrx_word' id='word_1_214' title='bbox 259 3138 421 3217; x_wconf 87' lang='lat' dir='ltr'>parentes</span> <span class='ocrx_word' id='word_1_215' title='bbox 445 3136 480 3198; x_wconf 86' lang='grc'>91</span> <span class='ocrx_word' id='word_1_216' title='bbox 505 3134 643 3215; x_wconf 83' lang='lat' dir='ltr'>cognati</span> <span class='ocrx_word' id='word_1_217' title='bbox 667 3132 869 3196; x_wconf 85' lang='lat' dir='ltr'>monialium</span> <span class='ocrx_word' id='word_1_218' title='bbox 893 3134 1031 3215; x_wconf 86' lang='lat' dir='ltr'>quidam</span> <span class='ocrx_word' id='word_1_219' title='bbox 1063 3133 1195 3197; x_wconf 87' lang='lat' dir='ltr'>nobiles</span> <span class='ocrx_word' id='word_1_220' title='bbox 1227 3132 1292 3195; x_wconf 89' lang='lat' dir='ltr'>sibi</span> <span class='ocrx_word' id='word_1_221' title='bbox 1322 3133 1379 3195; x_wconf 84' lang='lat' dir='ltr'>ad-</span> 
     </span>
    </p>
   </div>
   <div class='ocr_carea' id='block_1_10' title="bbox 258 3269 1428 3425">
    <p class='ocr_par' dir='ltr' id='par_1_13' title="bbox 258 3269 1428 3425">
     <span class='ocr_line' id='line_1_40' title="bbox 258 3269 1380 3323; baseline -0.003 -13"><span class='ocrx_word' id='word_1_222' title='bbox 258 3272 280 3323; x_wconf 78' lang='lat' dir='ltr'>a)</span> <span class='ocrx_word' id='word_1_223' title='bbox 294 3273 326 3309; x_wconf 82' lang='lat' dir='ltr'>ita</span> <span class='ocrx_word' id='word_1_224' title='bbox 340 3283 358 3310; x_wconf 78' lang='lat' dir='ltr'>a.</span> <span class='ocrx_word' id='word_1_225' title='bbox 413 3271 436 3321; x_wconf 88' lang='lat' dir='ltr'>b)</span> <span class='ocrx_word' id='word_1_226' title='bbox 451 3271 546 3309; x_wconf 74' lang='lat' dir='ltr'>Annalec</span> <span class='ocrx_word' id='word_1_227' title='bbox 558 3274 665 3318; x_wconf 78' lang='lat' dir='ltr'>sequentes</span> <span class='ocrx_word' id='word_1_228' title='bbox 680 3270 726 3307; x_wconf 87' lang='lat' dir='ltr'>iam</span> <span class='ocrx_word' id='word_1_229' title='bbox 740 3270 763 3307; x_wconf 89' lang='lat' dir='ltr'>in</span> <span class='ocrx_word' id='word_1_230' title='bbox 777 3271 823 3309; x_wconf 80' lang='lat' dir='ltr'>cad.</span> <span class='ocrx_word' id='word_1_231' title='bbox 839 3270 973 3317; x_wconf 74' lang='lat' dir='ltr'>autcarapho</span> <span class='ocrx_word' id='word_1_232' title='bbox 987 3270 1089 3309; x_wconf 70' lang='lat' dir='ltr'>cronicae</span> <span class='ocrx_word' id='word_1_233' title='bbox 1102 3270 1291 3319; x_wconf 74' lang='lat' dir='ltr'>Habenturpeneie</span> <span class='ocrx_word' id='word_1_234' title='bbox 1307 3269 1380 3307; x_wconf 81' lang='lat' dir='ltr'>adhuc</span> 
     </span>
     <span class='ocr_line' id='line_1_41' title="bbox 258 3323 1428 3372; baseline -0.001 -10"><span class='ocrx_word' id='word_1_235' title='bbox 258 3325 368 3372; x_wconf 79' lang='lat' dir='ltr'>deperdito</span> <span class='ocrx_word' id='word_1_236' title='bbox 383 3325 453 3363; x_wconf 81' lang='lat' dir='ltr'>additi</span> <span class='ocrx_word' id='word_1_237' title='bbox 466 3328 534 3371; x_wconf 85' lang='lat' dir='ltr'>erant,</span> <span class='ocrx_word' id='word_1_238' title='bbox 549 3324 592 3361; x_wconf 80' lang='lat' dir='ltr'>nisi</span> <span class='ocrx_word' id='word_1_239' title='bbox 605 3323 682 3371; x_wconf 74' lang='lat' dir='ltr'>fallar,</span> <span class='ocrx_word' id='word_1_240' title='bbox 697 3334 710 3360; x_wconf 94' lang='lat' dir='ltr'>a</span> <span class='ocrx_word' id='word_1_241' title='bbox 719 3323 826 3370; x_wconf 75' lang='lat' dir='ltr'>scriptore</span> <span class='ocrx_word' id='word_1_242' title='bbox 835 3323 989 3371; x_wconf 71' lang='lat' dir='ltr'>Neoturqensi,</span> <span class='ocrx_word' id='word_1_243' title='bbox 1000 3325 1036 3362; x_wconf 85' lang='lat' dir='ltr'>cui</span> <span class='ocrx_word' id='word_1_244' title='bbox 1045 3327 1115 3360; x_wconf 82' lang='lat' dir='ltr'>tamen</span> <span class='ocrx_word' id='word_1_245' title='bbox 1124 3323 1164 3362; x_wconf 84' lang='lat' dir='ltr'>huc</span> <span class='ocrx_word' id='word_1_246' title='bbox 1173 3327 1192 3361; x_wconf 84' lang='lat' dir='ltr'>et</span> <span class='ocrx_word' id='word_1_247' title='bbox 1201 3323 1255 3361; x_wconf 85' lang='lat' dir='ltr'>illuc</span> <span class='ocrx_word' id='word_1_248' title='bbox 1264 3323 1380 3370; x_wconf 75' lang='lat' dir='ltr'>priimam</span> <span class='ocrx_word' id='word_1_249' title='bbox 1399 3323 1428 3361; x_wconf 80' lang='grc'>10</span> 
     </span>
     <span class='ocr_line' id='line_1_42' title="bbox 258 3376 937 3425; baseline 0 -10"><span class='ocrx_word' id='word_1_250' title='bbox 258 3379 341 3416; x_wconf 72' lang='lat' dir='ltr'>notitiis</span> <span class='ocrx_word' id='word_1_251' title='bbox 354 3378 453 3416; x_wconf 80' lang='lat' dir='ltr'>monachi</span> <span class='ocrx_word' id='word_1_252' title='bbox 466 3377 636 3425; x_wconf 61' lang='lat' dir='ltr'>concremationis</span> <span class='ocrx_word' id='word_1_253' title='bbox 650 3377 797 3414; x_wconf 79' lang='lat' dir='ltr'>Marbacensic</span> <span class='ocrx_word' id='word_1_254' title='bbox 810 3376 842 3413; x_wconf 82' lang='lat' dir='ltr'>uti</span> <span class='ocrx_word' id='word_1_255' title='bbox 855 3377 937 3416; x_wconf 77' lang='lat' dir='ltr'>licebat.</span> 
     </span>
    </p>
   </div>
   <div class='ocr_carea' id='block_1_11' title="bbox 257 3481 1430 4472">
    <p class='ocr_par' dir='ltr' id='par_1_14' title="bbox 257 3481 1430 4472">
     <span class='ocr_line' id='line_1_43' title="bbox 260 3481 1380 3549; baseline -0.005 -11"><span class='ocrx_word' id='word_1_256' title='bbox 260 3485 286 3549; x_wconf 94' lang='grc'>1)</span> <span class='ocrx_word' id='word_1_257' title='bbox 313 3483 403 3534; x_wconf 85' lang='lat' dir='ltr'>Medio</span> <span class='ocrx_word' id='word_1_258' title='bbox 420 3499 505 3535; x_wconf 85' lang='lat' dir='ltr'>menae</span> <span class='ocrx_word' id='word_1_259' title='bbox 524 3482 674 3548; x_wconf 76' lang='lat' dir='ltr'>Septembri.</span> <span class='ocrx_word' id='word_1_260' title='bbox 717 3481 819 3533; x_wconf 73' lang='lat' dir='ltr'>Deliis</span> <span class='ocrx_word' id='word_1_261' title='bbox 840 3497 906 3548; x_wconf 79' lang='lat' dir='ltr'>qaae</span> <span class='ocrx_word' id='word_1_262' title='bbox 925 3482 1036 3533; x_wconf 81' lang='lat' dir='ltr'>Briaaci</span> <span class='ocrx_word' id='word_1_263' title='bbox 1056 3487 1195 3533; x_wconf 85' lang='lat' dir='ltr'>evenerunt</span> <span class='ocrx_word' id='word_1_264' title='bbox 1216 3484 1250 3546; x_wconf 76' lang='lat' dir='ltr'>cf.</span> <span class='ocrx_word' id='word_1_265' title='bbox 1269 3481 1380 3532; x_wconf 81' lang='lat' dir='ltr'>Richeri</span> 
     </span>
     <span class='ocr_line' id='line_1_44' title="bbox 258 3552 1379 3619; baseline -0.004 -12"><span class='ocrx_word' id='word_1_266' title='bbox 258 3555 416 3607; x_wconf 77' lang='lat' dir='ltr'>Senonenaie</span> <span class='ocrx_word' id='word_1_267' title='bbox 434 3555 530 3607; x_wconf 73' lang='lat' dir='ltr'>Cicron.</span> <span class='ocrx_word' id='word_1_268' title='bbox 550 3554 606 3619; x_wconf 83' lang='lat' dir='ltr'>III,</span> <span class='ocrx_word' id='word_1_269' title='bbox 625 3569 645 3606; x_wconf 88' lang='lat' dir='ltr'>c.</span> <span class='ocrx_word' id='word_1_270' title='bbox 660 3556 693 3607; x_wconf 85' lang='lat'>13</span> <span class='ocrx_word' id='word_1_271' title='bbox 709 3553 769 3617; x_wconf 83' lang='lat' dir='ltr'><strong><em>(SS.</em></strong></span> <span class='ocrx_word' id='word_1_272' title='bbox 784 3553 876 3619; x_wconf 85' lang='lat' dir='ltr'>XXV,</span> <span class='ocrx_word' id='word_1_273' title='bbox 891 3570 920 3619; x_wconf 81' lang='lat' dir='ltr'>p.</span> <span class='ocrx_word' id='word_1_274' title='bbox 934 3555 1000 3611; x_wconf 88' lang='grc'><strong>293)</strong></span> <span class='ocrx_word' id='word_1_275' title='bbox 1018 3559 1041 3604; x_wconf 85' lang='lat' dir='ltr'>at</span> <span class='ocrx_word' id='word_1_276' title='bbox 1054 3552 1152 3606; x_wconf 71' lang='lat' dir='ltr'>aaron.</span> <span class='ocrx_word' id='word_1_277' title='bbox 1165 3552 1379 3603; x_wconf 76' lang='lat' dir='ltr'>Ebersbeimense</span> 
     </span>
     <span class='ocr_line' id='line_1_45' title="bbox 258 3623 1380 3690; baseline -0.003 -13"><span class='ocrx_word' id='word_1_278' title='bbox 258 3642 278 3679; x_wconf 86' lang='lat' dir='ltr'>c.</span> <span class='ocrx_word' id='word_1_279' title='bbox 292 3628 327 3679; x_wconf 84' lang='lat'>36</span> <span class='ocrx_word' id='word_1_280' title='bbox 346 3626 406 3690; x_wconf 83' lang='lat' dir='ltr'><strong><em>(SS.</em></strong></span> <span class='ocrx_word' id='word_1_281' title='bbox 425 3625 537 3690; x_wconf 83' lang='lat' dir='ltr'><strong><em>XXIII,</em></strong></span> <span class='ocrx_word' id='word_1_282' title='bbox 552 3641 583 3690; x_wconf 81' lang='lat' dir='ltr'>p.</span> <span class='ocrx_word' id='word_1_283' title='bbox 596 3626 669 3684; x_wconf 93' lang='grc'><strong>450).</strong></span> <span class='ocrx_word' id='word_1_284' title='bbox 736 3625 764 3689; x_wconf 89' lang='grc'>2)</span> <span class='ocrx_word' id='word_1_285' title='bbox 785 3623 928 3674; x_wconf 75' lang='lat' dir='ltr'>Rioberiac</span> <span class='ocrx_word' id='word_1_286' title='bbox 946 3623 1103 3675; x_wconf 81' lang='lat' dir='ltr'>Senonenaia</span> <span class='ocrx_word' id='word_1_287' title='bbox 1122 3624 1139 3677; x_wconf 88' lang='lat' dir='ltr'>i.</span> <span class='ocrx_word' id='word_1_288' title='bbox 1156 3623 1174 3677; x_wconf 85' lang='lat' dir='ltr'>l.</span> <span class='ocrx_word' id='word_1_289' title='bbox 1193 3623 1330 3674; x_wconf 85' lang='lat' dir='ltr'>dominam</span> <span class='ocrx_word' id='word_1_290' title='bbox 1347 3624 1380 3675; x_wconf 84' lang='lat' dir='ltr'>de</span> 
     </span>
     <span class='ocr_line' id='line_1_46' title="bbox 264 3693 1428 3763; baseline 0 -17"><span class='ocrx_word' id='word_1_291' title='bbox 264 3696 406 3763; x_wconf 76' lang='lat' dir='ltr'>Usenberp,</span> <span class='ocrx_word' id='word_1_292' title='bbox 433 3697 530 3749; x_wconf 81' lang='lat' dir='ltr'>caron.</span> <span class='ocrx_word' id='word_1_293' title='bbox 557 3695 719 3748; x_wconf 79' lang='lat' dir='ltr'>Eberabeim,</span> <span class='ocrx_word' id='word_1_294' title='bbox 741 3695 757 3747; x_wconf 87' lang='lat' dir='ltr'>i.</span> <span class='ocrx_word' id='word_1_295' title='bbox 778 3695 992 3748; x_wconf 62' lang='lat' dir='ltr'>marchionem</span> <span class='ocrx_word' id='word_1_296' title='bbox 1018 3693 1205 3746; x_wconf 88' lang='lat' dir='ltr'>Hermannam</span> <span class='ocrx_word' id='word_1_297' title='bbox 1230 3695 1261 3745; x_wconf 84' lang='lat' dir='ltr'>de</span> <span class='ocrx_word' id='word_1_298' title='bbox 1285 3693 1379 3745; x_wconf 84' lang='lat' dir='ltr'>Baden</span> <span class='ocrx_word' id='word_1_299' title='bbox 1398 3705 1428 3746; x_wconf 71' lang='lat' dir='ltr'>aa</span> 
     </span>
     <span class='ocr_line' id='line_1_47' title="bbox 258 3764 1378 3832; baseline 0.001 -14"><span class='ocrx_word' id='word_1_300' title='bbox 258 3770 328 3818; x_wconf 88' lang='lat' dir='ltr'>inter</span> <span class='ocrx_word' id='word_1_301' title='bbox 354 3783 395 3818; x_wconf 86' lang='grc'>009</span> <span class='ocrx_word' id='word_1_302' title='bbox 422 3769 577 3829; x_wconf 88' lang='lat' dir='ltr'>nominant,</span> <span class='ocrx_word' id='word_1_303' title='bbox 603 3782 716 3832; x_wconf 79' lang='lat' dir='ltr'>quornm</span> <span class='ocrx_word' id='word_1_304' title='bbox 742 3766 849 3816; x_wconf 79' lang='lat' dir='ltr'>anaiiio</span> <span class='ocrx_word' id='word_1_305' title='bbox 873 3764 931 3816; x_wconf 87' lang='lat' dir='ltr'>Otto</span> <span class='ocrx_word' id='word_1_306' title='bbox 954 3765 1111 3829; x_wconf 73' lang='lat' dir='ltr'>fortioribus</span> <span class='ocrx_word' id='word_1_307' title='bbox 1128 3765 1265 3816; x_wconf 84' lang='lat' dir='ltr'>Friderici</span> <span class='ocrx_word' id='word_1_308' title='bbox 1286 3766 1378 3819; x_wconf 83' lang='lat' dir='ltr'>evasit.</span> 
     </span>
     <span class='ocr_line' id='line_1_48' title="bbox 259 3835 1379 3904; baseline -0.005 -12"><span class='ocrx_word' id='word_1_309' title='bbox 259 3839 286 3904; x_wconf 84' lang='grc'><strong>3)</strong></span> <span class='ocrx_word' id='word_1_310' title='bbox 302 3838 392 3889; x_wconf 81' lang='lat' dir='ltr'>Menae</span> <span class='ocrx_word' id='word_1_311' title='bbox 407 3837 512 3890; x_wconf 85' lang='lat' dir='ltr'>Octobri</span> <span class='ocrx_word' id='word_1_312' title='bbox 517 3856 527 3898; x_wconf 91' lang='lat'>,·</span> <span class='ocrx_word' id='word_1_313' title='bbox 539 3840 573 3901; x_wconf 77' lang='lat' dir='ltr'>cf.</span> <span class='ocrx_word' id='word_1_314' title='bbox 586 3837 742 3888; x_wconf 85' lang='lat' dir='ltr'>Richerinm</span> <span class='ocrx_word' id='word_1_315' title='bbox 754 3837 847 3889; x_wconf 84' lang='lat' dir='ltr'>Senon.</span> <span class='ocrx_word' id='word_1_316' title='bbox 861 3836 917 3901; x_wconf 85' lang='lat' dir='ltr'>III,</span> <span class='ocrx_word' id='word_1_317' title='bbox 936 3851 955 3889; x_wconf 85' lang='lat' dir='ltr'>c.</span> <span class='ocrx_word' id='word_1_318' title='bbox 970 3839 1012 3890; x_wconf 88' lang='grc'>19.</span> <span class='ocrx_word' id='word_1_319' title='bbox 1025 3839 1060 3890; x_wconf 89' lang='grc'>20</span> <span class='ocrx_word' id='word_1_320' title='bbox 1076 3837 1137 3901; x_wconf 88' lang='lat' dir='ltr'><em>(SS.</em></span> <span class='ocrx_word' id='word_1_321' title='bbox 1151 3835 1211 3887; x_wconf 89' lang='lat' dir='ltr'>XX</span> <span class='ocrx_word' id='word_1_322' title='bbox 1213 3836 1244 3901; x_wconf 79' lang='lat' dir='ltr'>V,</span> <span class='ocrx_word' id='word_1_323' title='bbox 1258 3852 1288 3900; x_wconf 82' lang='lat' dir='ltr'>p.</span> <span class='ocrx_word' id='word_1_324' title='bbox 1302 3837 1379 3900; x_wconf 86' lang='grc'><strong>297).</strong></span> 
     </span>
     <span class='ocr_line' id='line_1_49' title="bbox 258 3907 1378 3976; baseline -0.003 -14"><span class='ocrx_word' id='word_1_325' title='bbox 258 3911 286 3976; x_wconf 93' lang='grc'><strong>4)</strong></span> <span class='ocrx_word' id='word_1_326' title='bbox 316 3909 405 3960; x_wconf 82' lang='lat' dir='ltr'>Menae</span> <span class='ocrx_word' id='word_1_327' title='bbox 425 3907 564 3960; x_wconf 81' lang='lat' dir='ltr'>Decembri</span> <span class='ocrx_word' id='word_1_328' title='bbox 581 3908 760 3971; x_wconf 78' lang='lat' dir='ltr'>Francosarti</span> <span class='ocrx_word' id='word_1_329' title='bbox 783 3923 835 3959; x_wconf 81' lang='lat' dir='ltr'>rea</span> <span class='ocrx_word' id='word_1_330' title='bbox 859 3907 963 3970; x_wconf 80' lang='grc'><strong>010009,</strong></span> <span class='ocrx_word' id='word_1_331' title='bbox 989 3907 1143 3973; x_wconf 74' lang='lat' dir='ltr'>Mopnntiae</span> <span class='ocrx_word' id='word_1_332' title='bbox 1167 3910 1309 3959; x_wconf 83' lang='lat' dir='ltr'>coronatas</span> <span class='ocrx_word' id='word_1_333' title='bbox 1333 3910 1378 3959; x_wconf 78' lang='lat' dir='ltr'>eat.</span> 
     </span>
     <span class='ocr_line' id='line_1_50' title="bbox 260 3977 1380 4045; baseline -0.004 -13"><span class='ocrx_word' id='word_1_334' title='bbox 260 3979 287 4045; x_wconf 84' lang='lat'>5)</span> <span class='ocrx_word' id='word_1_335' title='bbox 302 3978 392 4030; x_wconf 79' lang='lat' dir='ltr'>Menae</span> <span class='ocrx_word' id='word_1_336' title='bbox 404 3979 525 4043; x_wconf 77' lang='lat' dir='ltr'>Aapaato</span> <span class='ocrx_word' id='word_1_337' title='bbox 537 3980 607 4028; x_wconf 87' lang='lat' dir='ltr'>anni</span> <span class='ocrx_word' id='word_1_338' title='bbox 619 3981 695 4032; x_wconf 82' lang='lat'>1209.</span> <span class='ocrx_word' id='word_1_339' title='bbox 708 3978 866 4030; x_wconf 75' lang='lat' dir='ltr'>Fridcricac</span> <span class='ocrx_word' id='word_1_340' title='bbox 880 3977 1063 4028; x_wconf 75' lang='lat' dir='ltr'>Constantiam</span> <span class='ocrx_word' id='word_1_341' title='bbox 1081 3979 1167 4042; x_wconf 83' lang='lat' dir='ltr'>filiam</span> <span class='ocrx_word' id='word_1_342' title='bbox 1179 3977 1293 4040; x_wconf 69' lang='lat' dir='ltr'>Aliensi</span> <span class='ocrx_word' id='word_1_343' title='bbox 1306 3979 1380 4043; x_wconf 73' lang='lat' dir='ltr'>repta</span> 
     </span>
     <span class='ocr_line' id='line_1_51' title="bbox 259 4047 1429 4114; baseline -0.001 -15"><span class='ocrx_word' id='word_1_344' title='bbox 259 4049 435 4114; x_wconf 73' lang='lat' dir='ltr'>Arrapomam</span> <span class='ocrx_word' id='word_1_345' title='bbox 454 4051 482 4100; x_wconf 88' lang='lat' dir='ltr'>in</span> <span class='ocrx_word' id='word_1_346' title='bbox 494 4051 696 4100; x_wconf 80' lang='lat' dir='ltr'>matrimonium</span> <span class='ocrx_word' id='word_1_347' title='bbox 710 4051 845 4110; x_wconf 66' lang='lat' dir='ltr'>azaram,-</span> <span class='ocrx_word' id='word_1_348' title='bbox 858 4051 891 4112; x_wconf 78' lang='lat' dir='ltr'>cf.</span> <span class='ocrx_word' id='word_1_349' title='bbox 905 4047 1009 4114; x_wconf 84' lang='lat' dir='ltr'>Hampe</span> <span class='ocrx_word' id='word_1_350' title='bbox 1021 4051 1051 4099; x_wconf 88' lang='lat' dir='ltr'>in</span> <span class='ocrx_word' id='word_1_351' title='bbox 1063 4047 1176 4102; x_wconf 75' lang='lat' dir='ltr'>‘Hister¹</span> <span class='ocrx_word' id='word_1_352' title='bbox 1190 4048 1379 4110; x_wconf 81' lang='lat' dir='ltr'>Vierteijabrc-</span> <span class='ocrx_word' id='word_1_353' title='bbox 1397 4059 1429 4098; x_wconf 76' lang='grc'>40</span> 
     </span>
     <span class='ocr_line' id='line_1_52' title="bbox 259 4119 1379 4187; baseline 0.004 -18"><span class='ocrx_word' id='word_1_354' title='bbox 259 4119 373 4182; x_wconf 79' lang='lat' dir='ltr'>schrift’</span> <span class='ocrx_word' id='word_1_355' title='bbox 390 4119 446 4184; x_wconf 83' lang='lat' dir='ltr'>III,</span> <span class='ocrx_word' id='word_1_356' title='bbox 468 4135 498 4185; x_wconf 82' lang='lat' dir='ltr'>p.</span> <span class='ocrx_word' id='word_1_357' title='bbox 519 4121 569 4173; x_wconf 90' lang='grc'>161</span> <span class='ocrx_word' id='word_1_358' title='bbox 583 4136 620 4185; x_wconf 78' lang='lat' dir='ltr'>sq.</span> <span class='ocrx_word' id='word_1_359' title='bbox 700 4122 726 4187; x_wconf 89' lang='lat'>6)</span> <span class='ocrx_word' id='word_1_360' title='bbox 745 4119 891 4171; x_wconf 84' lang='lat' dir='ltr'>Heinricna</span> <span class='ocrx_word' id='word_1_361' title='bbox 909 4134 982 4171; x_wconf 87' lang='lat' dir='ltr'>anno</span> <span class='ocrx_word' id='word_1_362' title='bbox 1001 4121 1078 4174; x_wconf 88' lang='grc'><strong>1211.</strong></span> <span class='ocrx_word' id='word_1_363' title='bbox 1098 4125 1189 4184; x_wconf 84' lang='lat' dir='ltr'>natas,</span> <span class='ocrx_word' id='word_1_364' title='bbox 1209 4133 1280 4171; x_wconf 90' lang='lat' dir='ltr'>anno</span> <span class='ocrx_word' id='word_1_365' title='bbox 1299 4121 1379 4174; x_wconf 89' lang='grc'><strong>1212.</strong></span> 
     </span>
     <span class='ocr_line' id='line_1_53' title="bbox 259 4188 1380 4257; baseline 0 -17"><span class='ocrx_word' id='word_1_366' title='bbox 259 4206 310 4241; x_wconf 81' lang='lat' dir='ltr'>rea</span> <span class='ocrx_word' id='word_1_367' title='bbox 336 4188 444 4241; x_wconf 83' lang='lat' dir='ltr'>Siciliae</span> <span class='ocrx_word' id='word_1_368' title='bbox 474 4197 631 4256; x_wconf 82' lang='lat' dir='ltr'>coronatas,</span> <span class='ocrx_word' id='word_1_369' title='bbox 664 4206 735 4241; x_wconf 89' lang='lat' dir='ltr'>anno</span> <span class='ocrx_word' id='word_1_370' title='bbox 764 4192 842 4245; x_wconf 89' lang='grc'><strong>1220.</strong></span> <span class='ocrx_word' id='word_1_371' title='bbox 872 4207 922 4242; x_wconf 79' lang='lat' dir='ltr'>rea·</span> <span class='ocrx_word' id='word_1_372' title='bbox 948 4191 1132 4242; x_wconf 84' lang='lat' dir='ltr'>Romanorum</span> <span class='ocrx_word' id='word_1_373' title='bbox 1162 4207 1180 4241; x_wconf 90' lang='grc'>0</span> <span class='ocrx_word' id='word_1_374' title='bbox 1206 4191 1380 4257; x_wconf 69' lang='lat' dir='ltr'>principibus</span> 
     </span>
     <span class='ocr_line' id='line_1_54' title="bbox 260 4260 1378 4328; baseline 0.004 -18"><span class='ocrx_word' id='word_1_375' title='bbox 260 4260 421 4313; x_wconf 83' lang='lat' dir='ltr'>Germaniae</span> <span class='ocrx_word' id='word_1_376' title='bbox 438 4261 532 4314; x_wconf 80' lang='lat' dir='ltr'>eiectas</span> <span class='ocrx_word' id='word_1_377' title='bbox 550 4267 593 4315; x_wconf 81' lang='lat' dir='ltr'>eat.</span> <span class='ocrx_word' id='word_1_378' title='bbox 686 4264 712 4328; x_wconf 81' lang='lat'>7)</span> <span class='ocrx_word' id='word_1_379' title='bbox 742 4261 813 4323; x_wconf 80' lang='grc'><strong>0000</strong></span> <span class='ocrx_word' id='word_1_380' title='bbox 831 4262 908 4312; x_wconf 87' lang='lat' dir='ltr'>caria</span> <span class='ocrx_word' id='word_1_381' title='bbox 925 4261 975 4312; x_wconf 84' lang='lat' dir='ltr'>iiia</span> <span class='ocrx_word' id='word_1_382' title='bbox 992 4262 1055 4327; x_wconf 82' lang='lat' dir='ltr'>ipsa</span> <span class='ocrx_word' id='word_1_383' title='bbox 1073 4261 1122 4327; x_wconf 84' lang='lat' dir='ltr'>die,</span> <span class='ocrx_word' id='word_1_384' title='bbox 1142 4262 1187 4312; x_wconf 78' lang='grc'>900</span> <span class='ocrx_word' id='word_1_385' title='bbox 1209 4276 1280 4312; x_wconf 87' lang='lat' dir='ltr'>anno</span> <span class='ocrx_word' id='word_1_386' title='bbox 1300 4262 1378 4315; x_wconf 89' lang='grc'><strong>1215.</strong></span> 
     </span>
     <span class='ocr_line' id='line_1_55' title="bbox 259 4331 1417 4400; baseline -0.003 -17"><span class='ocrx_word' id='word_1_387' title='bbox 259 4331 389 4383; x_wconf 70' lang='lat' dir='ltr'>aemam</span> <span class='ocrx_word' id='word_1_388' title='bbox 413 4338 458 4386; x_wconf 78' lang='lat' dir='ltr'>eat.</span> <span class='ocrx_word' id='word_1_389' title='bbox 556 4333 583 4400; x_wconf 88' lang='grc'><strong>8)</strong></span> <span class='ocrx_word' id='word_1_390' title='bbox 614 4334 694 4384; x_wconf 86' lang='lat' dir='ltr'>Anno</span> <span class='ocrx_word' id='word_1_391' title='bbox 722 4335 798 4386; x_wconf 88' lang='grc'><strong>1221.</strong></span> <span class='ocrx_word' id='word_1_392' title='bbox 826 4332 968 4384; x_wconf 80' lang='lat' dir='ltr'>Conradaa</span> <span class='ocrx_word' id='word_1_393' title='bbox 998 4333 1114 4384; x_wconf 83' lang='grc'><strong>0000009</strong></span> <span class='ocrx_word' id='word_1_394' title='bbox 1141 4332 1380 4383; x_wconf 77' lang='lat' dir='ltr'>Hiidesireimencis</span> <span class='ocrx_word' id='word_1_395' title='bbox 1411 4370 1417 4379; x_wconf 78' lang='grc'>.</span> 
     </span>
     <span class='ocr_line' id='line_1_56' title="bbox 257 4400 1430 4472; baseline 0.001 -20"><span class='ocrx_word' id='word_1_396' title='bbox 257 4404 395 4468; x_wconf 79' lang='lat' dir='ltr'>episcopas</span> <span class='ocrx_word' id='word_1_397' title='bbox 412 4405 504 4456; x_wconf 82' lang='grc'><strong>010009</strong></span> <span class='ocrx_word' id='word_1_398' title='bbox 522 4409 566 4458; x_wconf 80' lang='lat' dir='ltr'>est.</span> <span class='ocrx_word' id='word_1_399' title='bbox 634 4403 662 4472; x_wconf 87' lang='lat'>9)</span> <span class='ocrx_word' id='word_1_400' title='bbox 682 4404 763 4455; x_wconf 80' lang='lat' dir='ltr'>Anno</span> <span class='ocrx_word' id='word_1_401' title='bbox 780 4405 864 4471; x_wconf 86' lang='grc'><strong>1213;</strong></span> <span class='ocrx_word' id='word_1_402' title='bbox 887 4405 920 4468; x_wconf 70' lang='lat' dir='ltr'>oi.</span> <span class='ocrx_word' id='word_1_403' title='bbox 937 4402 1178 4456; x_wconf 67' lang='lat' dir='ltr'>Bima-Ficke-</span> <span class='ocrx_word' id='word_1_404' title='bbox 1195 4418 1238 4457; x_wconf 88' lang='lat' dir='ltr'>nr.</span> <span class='ocrx_word' id='word_1_405' title='bbox 1252 4400 1337 4458; x_wconf 72' lang='lat'>4961&#39;·</span> <span class='ocrx_word' id='word_1_406' title='bbox 1349 4401 1378 4458; x_wconf 71' lang='lat'>⁸.</span> <span class='ocrx_word' id='word_1_407' title='bbox 1398 4410 1430 4453; x_wconf 72' lang='lat' dir='ltr'>aa</span> 
     </span>
    </p>
   </div>
   <div class='ocr_carea' id='block_1_12' title="bbox 0 0 1495 4950">
    <p class='ocr_par' dir='ltr' id='par_1_15' title="bbox 0 0 1495 4950">
     <span class='ocr_line' id='line_1_57' title="bbox 0 0 1495 4950; baseline 0 0"><span class='ocrx_word' id='word_1_408' title='bbox 0 0 1495 4950; x_wconf 95' lang='lat' dir='ltr'> </span> 
     </span>
    </p>
   </div>
  </div>
 </body>
</html>
