2970 4950
255 430 291 483 94
568 425 751 480 ANNALES
770 424 1059 482 MARBAOENSES.

166 616 244 670 1231.
256 630 404 674 errorem
428 609 607 673 mittentes
631 630 715 691 quos
746 613 907 692 poterant
937 610 980 673 de
1011 608 1165 694 ccclesia.
1220 607 1373 688 Quorum

255 700 370 782 plures
395 698 633 781 comprehensi
656 698 693 760 in
716 697 890 782 presentia
914 697 997 762 cleri
1020 700 1056 761 et
1080 697 1200 781 populi
1224 699 1374 762 convicti

253 789 408 851 fuerunt.
467 787 513 849 hlt
547 787 638 850 inter
673 790 787 850 cetera
821 787 965 850 nefandi
994 787 1118 850 erroris
1152 787 1206 850 sui
1236 786 1374 869 flagicia

254 876 402 940 confessi
418 879 508 952 sunt,
523 876 615 957 quod
631 875 734 938 etiam
752 875 795 938 ab
812 895 872 938 esu
889 875 1042 938 carnium
1059 875 1096 937 in
1112 875 1374 958 quadragesima

254 985 322 1028 non
346 964 571 1040 abstinerent,
596 967 631 1027 et
656 964 746 1046 quod
772 963 955 1027 annualem
980 983 1119 1028 censum
1135 964 1403 1030 transmitteres

254 1053 412 1117 solebant
428 1052 674 1129 Mediolanum,
688 1052 749 1115 ubi
765 1053 975 1116 diversarum
992 1053 1151 1116 heresum
1168 1057 1204 1116 et
1219 1073 1374 1116 errorum

254 1142 421 1224 primatus
446 1141 623 1223 agebatur.

165 1238 242 1290 1230.
359 1229 442 1312 Ipso
480 1228 657 1313 temporel
695 1230 873 1312 Liipoldus
912 1230 981 1292 dux
1019 1229 1176 1307 Austrie,
1218 1229 1272 1293 vir
1312 1251 1374 1314 per

133 1341 190 1388 aa.
199 1342 242 1390 a).
253 1319 370 1382 omnia
393 1318 594 1394 catholicus,
619 1321 697 1401 post
720 1318 832 1381 multa
854 1319 1022 1382 virtutum
1052 1339 1193 1382 suarum
1222 1319 1374 1401 insignia

254 1411 289 1470 et
311 1408 494 1489 impensas,
520 1426 604 1488 quas
627 1408 720 1489 apud
744 1406 941 1470 Damiatam
965 1428 1042 1470 cum
1074 1406 1152 1470 aliis
1182 1409 1372 1490 peregrinis
1392 1430 1416 1468 n

253 1495 388 1577 peregit
398 1496 418 1571 ²,
443 1495 479 1557 in
503 1495 622 1558 Ytalia
646 1515 788 1578 peregre
813 1496 999 1559 defunctus
1022 1495 1120 1559 obiit.

165 1592 243 1644 1231.
360 1583 489 1646 Eodem
521 1604 611 1647 anno
642 1582 843 1648 Lhdewicus
878 1585 948 1647 dux
978 1585 1132 1648 Bawarie
1166 1585 1372 1650 interfectus

118 1696 188 1744 (sepe.
198 1697 241 1744 rs).
253 1670 340 1735 obiit
351 1672 372 1732 ³.
420 1671 501 1734 Fuit
526 1676 641 1736 autem
673 1674 859 1736 transfixus
889 1672 1032 1736 cultello
1062 1677 1237 1756 preacuto,
1269 1695 1371 1757 quem

252 1780 314 1824 nos
349 1780 529 1843 possumus
559 1761 735 1844 appellare
769 1763 884 1837 sicam,
916 1783 937 1824 a
966 1763 1115 1844 quadam
1144 1782 1299 1846 persona,
1331 1767 1372 1826 ut

253 1849 442 1927 dicebatur,
473 1849 534 1912 vili
565 1855 600 1912 et
633 1850 763 1933 ignota,
795 1850 914 1933 quales
945 1851 1081 1914 mittere
1112 1850 1201 1914 solet
1231 1853 1372 1934 quidam
1391 1871 1416 1911 15

252 1942 374 2021 potens
405 1938 623 2020 qui'dicitur
656 1958 759 2002 senex
794 1940 835 2003 de
866 1938 1057 2003 Montania.
1115 1938 1371 2023 Comprehenso

252 2031 369 2090 autem
402 2027 644 2102 interfectore,
685 2047 761 2090 curn
802 2027 920 2090 multis
955 2027 1133 2110 suppliciis
1167 2032 1371 2111 torquerent

252 2137 330 2180 eum
365 2118 401 2180 et
436 2119 598 2198 cogerent
628 2116 672 2178 ad
703 2116 954 2192 confitendum,
988 2117 1085 2180 cuius
1114 2116 1285 2180 instinctu
1314 2117 1370 2182 vel

251 2205 345 2267 iussu
374 2207 513 2267 tanturn
543 2204 680 2267 facinus
710 2207 917 2288 attemptare
949 2204 1227 2288 presumpsisset,
1261 2206 1370 2270 nichil

251 2292 294 2355 ab
319 2313 358 2356 eo
382 2296 544 2376 poterant
569 2296 805 2377 extorquere&
834 2295 870 2356 et
900 2293 948 2356 sic
979 2313 1041 2377 per
1071 2293 1187 2357 omnia
1216 2295 1372 2358 membra
1389 2316 1416 2355 ro

251 2380 402 2444 laniatus
426 2386 461 2445 et
485 2382 676 2465 discerptus
700 2381 814 2464 periit.

162 2481 240 2533 1232.
358 2471 460 2532 Anno
480 2468 730 2532 MOOXXXH.
771 2470 938 2551 Magister
952 2471 1160 2534 Wilhelmus
1184 2472 1370 2536 canonicus

253 2558 294 2621 de
318 2558 446 2641 oppido
462 2558 715 2636 Nirwenburch,
740 2559 832 2640 quod
856 2559 968 2623 estin
992 2559 1127 2643 dyocesi
1142 2559 1368 2637 Lausuncnsi,

250 2646 304 2709 vir
335 2646 444 2709 multe
479 2646 688 2710 abstinentie
724 2668 914 2730 magnoque
944 2648 1155 2725 sanctitatis,
1188 2649 1303 2712 adhuc
1332 2649 1396 2711 in.

251 2734 324 2797 vita
347 2735 474 2816 degens
498 2755 561 2798 nec
585 2735 699 2798 minus
723 2739 800 2819 post
829 2738 975 2800 mortem
1006 2736 1180 2800 miraculis
1211 2737 1368 2801 claruit⁴.
1388 2758 1415 2798 aa

163 2834 241 2887 1231.
358 2822 440 2905 Ipso
464 2843 553 2885 anno
571 2823 765 2887 Fridericus
781 2826 968 2907 imperator
982 2825 1123 2889 veniens
1140 2826 1178 2887 in
1193 2824 1370 2889 Ytaliam⁵

160 2939 242 2988 (mv.)
253 2911 454 2993 aliquandiu
478 2913 570 2994 apud
586 2912 784 2976 Ravennam
803 2918 1033 2977 commoratus
1049 2917 1110 2978 est.
1143 2914 1368 2978 Postmodum

162 3012 240 3065 1232.
252 3001 418 3064 accedens
448 2999 492 3063 ad
523 3002 638 3083 partes
663 3000 867 3084 Aquilegie6
896 3003 1074 3066 mandavit
1103 3002 1175 3066 filio
1204 3022 1265 3066 suo
1294 3003 1369 3084 regi

252 3088 426 3166 Heinrico,
451 3092 492 3152 ut
520 3089 585 3152 sibi
614 3089 651 3151 in
681 3110 861 3154 occursum
890 3092 1033 3155 veniret.
1079 3090 1149 3155 Ubi
1179 3091 1262 3154 dum
1293 3111 1369 3155 con-

160 3205 240 3255 (ar.)
250 3179 434 3254 venissent,
458 3181 609 3242 tractare
633 3183 799 3260 ceperunt
823 3179 865 3243 de
893 3182 988 3242 statu
1017 3180 1115 3262 regni
1145 3183 1180 3243 et
1211 3180 1254 3243 de
1284 3200 1368 3263 pace
1388 3200 1415 3240 ao

194 3348 232 3386 Η
250 3267 479 3331 reformanda.

210 3359 223 3385 u
234 3375 239 3388 ι

182 3402 240 3449 my,
357 3355 439 3438 Ipso
462 3359 618 3438 tempore
642 3377 702 3439 per
724 3360 839 3419 totum
862 3354 992 3417 Iulium
1017 3359 1052 3418 et
1075 3357 1273 3438 Augustum
1296 3376 1369 3439 per-

251 3446 377 3507 mansit
406 3445 570 3508 continua
600 3446 737 3509 siccitas
768 3447 803 3508 et
834 3446 927 3508 estus
957 3444 1097 3519 multus,
1128 3444 1180 3506 ita
1209 3444 1301 3526 quod
1331 3445 1369 3507 iu

250 3533 335 3596 locis
359 3533 535 3596 harenosis
559 3554 623 3596 ova
647 3537 809 3615 congesto
833 3532 954 3596 sabulo
976 3533 1139 3616 imposita
1162 3536 1240 3616 post
1264 3533 1369 3596 modi·

251 3643 328 3685 cum
352 3621 560 3685 tollerentur
583 3624 707 3684 assata.
1387 3641 1414 3682 a

251 3759 272 3809 a)
286 3759 317 3797 fta
330 3771 348 3797 c.

251 3865 279 3930 1)
298 3865 449 3930 Liapoldas
466 3866 522 3914 iam
540 3863 582 3914 dic
594 3866 636 3917 28.
650 3863 718 3914 lala
728 3881 753 3919 a.
768 3867 845 3918 1230.
863 3865 937 3930 apud
949 3865 975 3917 S.
990 3865 1153 3916 Germanum
1168 3868 1290 3916 mortuas
1302 3870 1368 3918 aut.

250 3932 381 4001 Princeps
408 3933 559 3986 catholicus
585 3949 635 4000 per
663 3935 756 3986 omnia
782 3937 812 3986 im
841 3935 941 3988 Olfacri
964 3935 1090 3986 Historia
1113 3936 1277 3986 Dammana
1305 3951 1325 3988 a.
1353 3939 1367 3989 1

250 4005 301 4068 (at.
320 4005 480 4071 Hoopewep)
504 4006 669 4059 nominatur.
759 4005 787 4074 2)
815 4007 857 4069 Cf.
882 4021 969 4072 acpra
990 4023 1019 4072 p.
1038 4008 1082 4059 87.
1108 4007 1144 4057 ad
1168 4022 1271 4057 annam
1290 4009 1368 4061 1218.

251 4075 279 4138 3)
311 4076 351 4138 Of.
377 4077 567 4127 Wialcelmana
591 4077 621 4125 ia
646 4076 839 4141 ‘Mitta’lanyea
862 4078 907 4127 des
931 4077 1057 4128 Iaaaaa
1083 4078 1133 4140 γᾶν
1156 4077 1370 4130 damrcichischc
1387 4091 1415 4130 40

252 4144 568 4210 Gescbicbtsforucbaay’
585 4145 680 4209 XVII,
701 4162 731 4210 p.
749 4148 852 4212 ddsqq.
874 4153 898 4197 ct
916 4146 1068 4198 ‘Friedrich
1086 4147 1135 4202 IL'
1153 4146 1194 4212 II,
1215 4164 1245 4213 p.
1264 4151 1319 4203 254
1329 4164 1368 4214 aq.

250 4214 279 4282 4)
301 4215 340 4279 Cf.
361 4217 510 4269 Chronicoa
527 4216 646 4267 Athama
662 4217 698 4266 ad
717 4232 741 4270 a.
760 4219 827 4271 1231
847 4217 907 4281 (SS.
920 4217 1031 4282 XXIII,
1046 4234 1076 4283 p.
1090 4219 1163 4278 929).
1235 4219 1263 4283 5)
1280 4220 1370 4271 Mena

250 4285 395 4337 Novembri
418 4304 444 4338 a.
465 4289 541 4340 1231.
563 4287 711 4350 imperator
728 4303 762 4337 aa
782 4301 864 4352 ropac
882 4288 990 4339 Siciliae
1007 4289 1044 4339 ad
1061 4290 1166 4339 cariam
1184 4290 1369 4340 celebrandam

252 4357 406 4407 Ravennam
431 4372 459 4408 se
482 4356 601 4408 contulit.
700 4357 727 4421 6)
758 4357 847 4409 Mense
871 4357 975 4410 Martio
1002 4374 1027 4411 a.
1054 4361 1138 4425 12325
1164 4374 1251 4411 meme
1274 4361 1371 4428 Aprili

251 4426 397 4479 Heinricuc
414 4443 464 4479 raa
476 4426 646 4493 Aquilcpr'am
662 4430 739 4492 venit,
757 4430 826 4480 ande
844 4431 922 4480 carm
934 4429 1008 4496 apad
1020 4429 1157 4480 &aucam
1172 4431 1311 4482 translata
1323 4437 1368 4486 cst.
1387 4443 1415 4484 co
