2970 4950
110 430 145 482 10
423 424 604 481 ANNALES
622 422 914 480 MARBAGENSES.

8 615 101 659 aar.
111 603 280 672 precinctus,
307 602 473 656 laboriosum
501 618 569 655 onus
600 601 773 671 sustinuerit,
801 601 861 669 qui
891 601 961 655 scire
988 600 1124 655 desiderat
1132 601 1150 670 ¹,
1180 601 1231 655 in'

112 674 276 744 cathalagoa
308 673 429 727 virorum
466 674 580 727 fortium
611 678 639 728 et
675 675 703 726 in
735 672 850 727 cronicis
887 672 1009 727 eiusdem
1045 671 1229 743 inveniet;

111 750 228 798 tamen
246 762 360 813 pauca
378 745 558 798 bellorum
577 746 654 798 eius
673 744 791 814 iusignia
808 748 1029 798 annotemus.

1 829 99 869 'naas
217 815 347 870 Omnium
375 833 444 884 quae
472 817 555 886 gessit
582 816 719 869 bellorum
749 815 838 883 primo
866 815 1072 883 Aquitanicum,
1104 831 1120 868 a
1149 819 1230 883 patre

110 886 268 955 Pippino
296 887 463 955 inchoatum,
490 887 538 940 sed
556 887 679 940 nondum
706 885 823 954 finitum,
854 886 918 954 quia
944 886 1000 939 cito
1027 884 1122 957 peragi
1149 902 1262 954 posaeo

110 957 262 1028 videbatur,
281 958 366 1012 fratre
384 957 474 1011 adhuo
485 958 548 1011 vivo
568 961 595 1011 et
608 957 740 1010 auxilium
758 956 831 1010 ferre
843 962 941 1027 rogato
959 956 1084 1026 suscepit.
1115 956 1152 1010 at
1164 957 1231 1011 licet

110 1046 173 1082 eum
192 1028 277 1083 frater
294 1029 427 1099 promisso
446 1028 602 1082 frustrasset
620 1028 731 1095 auxilio,
749 1031 904 1097 susceptam
917 1027 1123 1097 expedicionem
1142 1031 1230 1082 stren-

110 1101 239 1153 nuissime
257 1104 386 1154 executus
405 1104 466 1156 est.
503 1099 575 1152 Nam
601 1099 772 1168 Hunoldum,
801 1099 847 1167 qui
872 1103 936 1167 post
960 1098 1083 1152 Waifarii
1109 1103 1229 1152 mortem

111 1171 289 1239 Aquitaniam
308 1188 444 1239 occupare
462 1171 620 1239 bellumque
645 1171 700 1223 iam
718 1187 788 1238 pene
806 1174 948 1238 peractum
965 1187 1093 1239 reparare
1110 1173 1230 1238 tempta·

109 1246 195 1308 verat,
223 1242 403 1309 Aquitaniam
429 1242 605 1314 relinquqre²
630 1245 658 1296 et
679 1241 854 1295 Wasconiam
879 1244 973 1310 petere
1000 1241 1098 1310 coegit.
1139 1239 1230 1310 Quem
1249 1256 1276 1295 so

110 1318 204 1366 tamen
222 1313 261 1366 ibi
280 1313 427 1367 consistere
445 1330 500 1367 non
528 1313 671 1382 sustinens,
698 1312 856 1366 transmisso
885 1329 965 1366 amne
983 1312 1122 1382 Garunna,
1147 1311 1229 1381 Lupo

111 1383 278 1437 Wasconum
298 1383 361 1437 duci
378 1400 428 1452 per
445 1384 551 1453 legatos
575 1383 696 1452 mandat,
724 1387 755 1436 ut
781 1383 928 1453 perfugam
955 1383 1095 1452 lapsum
1121 1382 1229 1452 reddat,

112 1472 154 1508 an
180 1454 320 1508 bellica
345 1471 448 1508 manu
474 1472 538 1509 eum
556 1454 740 1508 aditurum
759 1470 788 1508 se
806 1455 904 1512 sciat.
942 1453 998 1508 Sed
1015 1453 1110 1523 Lupus
1128 1453 1231 1508 saniori

111 1542 175 1578 usus
194 1525 307 1579 consilio
325 1542 381 1579 non
399 1525 487 1579 solum
505 1524 668 1580 Hunoldum
686 1525 815 1594 reddidit,
842 1525 891 1579 sed
909 1525 992 1579 etiam
1011 1541 1040 1579 se
1058 1525 1148 1594 ipsum
1166 1541 1230 1579 cum

110 1595 253 1665 provincia
271 1596 315 1649 cui
333 1600 443 1665 preerat
461 1597 518 1650 eius
535 1597 666 1665 potestati
684 1596 838 1652 submisit.
1251 1611 1277 1651 ιο

15 1683 43 1721 a.
56 1683 100 1725 aa.
218 1666 382 1736 Compositis
400 1667 429 1720 iu
441 1667 592 1736 Aquitania
609 1668 692 1722 rebus
705 1683 792 1736 eoque
804 1667 878 1721 bello
897 1666 974 1721 finito
993 1667 1139 1738 regnique
1156 1668 1231 1722 sooio

112 1738 167 1791 iam
184 1739 267 1792 rebus
285 1738 411 1792 humanis
432 1743 568 1808 exempto,
589 1739 716 1808 precibus
734 1738 851 1791 Adriani
871 1756 956 1808 pape
977 1743 1104 1793 exoratus
1125 1738 1230 1793 bellum

112 1809 549 1880 contraLongobardossuscepit.
569 1808 650 1877 Quod
659 1810 734 1878 prius
744 1809 854 1878 quidem
864 1812 1005 1878 etapatre
1014 1811 1080 1877 eius,
1089 1807 1230 1878 Stephano

111 1897 184 1949 papa
201 1881 379 1950 supplicante,
394 1899 457 1935 cum
475 1898 577 1952 magna
591 1880 755 1935 difficultate
770 1885 926 1950 susceptum
939 1885 995 1950 est;
1013 1881 1077 1949 quia
1091 1880 1231 1949 quideme

111 1952 277 2021 primoribus
285 1951 464 2019 Francorum,
474 1969 536 2006 cum
546 1952 644 2021 quibus
656 1952 811 2007 consultare
823 1952 937 2020 solebat,
950 1951 1019 2006 adeo
1027 1951 1162 2005 voluntati
1172 1951 1230 2006 eius
1250 1967 1278 2006 ao

112 2023 194 2077 renisi
212 2027 283 2092 sunt,
296 2027 326 2076 ut
339 2041 367 2077 se
379 2041 474 2093 regem
487 2023 642 2078 deserturos
654 2023 822 2090 domumque
840 2023 976 2077 redituros
989 2021 1075 2076 libera
1086 2039 1155 2076 voce
1166 2038 1230 2091 pro·

112 2095 270 2150 clamarent.
297 2093 460 2164 Susceptum
472 2099 566 2149 tamen
578 2100 620 2148 est
630 2098 697 2148 tunc
709 2097 806 2148 contra
815 2093 985 2148 Haistulfum
997 2110 1093 2164 regem
1105 2098 1133 2147 et
1145 2092 1230 2147 celer-

112 2165 181 2219 rime
200 2166 375 2235 completum.
413 2165 469 2220 Sed
496 2167 562 2220 licet
588 2166 641 2219 sibi
667 2170 696 2220 et
721 2165 795 2235 patri
818 2166 884 2219 belli
902 2164 1066 2234 suscipiendi
1083 2165 1179 2217 similis
1199 2180 1231 2217 ac

111 2237 207 2306 pocius
235 2236 331 2291 eadem
359 2254 440 2291 causa
467 2237 481 2290 f
485 2237 582 2291 uisse
609 2237 757 2305 videretur,
784 2237 852 2290 baut
879 2236 961 2290 simili
979 2241 1073 2289 tamen
1090 2239 1119 2289 et
1136 2234 1231 2289 labore

113 2311 248 2362 certatum
267 2312 295 2362 et
312 2308 368 2363 fine
386 2311 493 2362 constat
512 2325 570 2362 esse
588 2310 765 2377 completum.
802 2307 936 2377 Pippinus
954 2306 1089 2376 siquidem
1107 2304 1231 2359 Haistul-
1249 2321 1278 2362 ao

113 2378 172 2431 sum
190 2396 341 2447 paucorum
360 2378 512 2449 [dierumb]
527 2379 669 2433 obsidione
687 2379 820 2448 compulit
833 2379 965 2433 Romanis
983 2378 1047 2431 sub
1060 2381 1231 2431 sacramento

113 2449 237 2503 ablata
261 2451 419 2518 restituere3
444 2449 564 2504 Karolus
582 2467 647 2504 vero
665 2454 727 2520 post
745 2449 945 2520 [inchoatumb]
964 2466 980 2503 a
998 2467 1027 2503 se
1047 2449 1150 2502 bellum
1174 2464 1231 2500 non

112 2520 188 2590 prius
206 2520 320 2589 destitit,
345 2537 428 2588 quam
447 2524 475 2574 et
493 2520 669 2574 Desiderium
687 2539 790 2590 regem,
809 2536 890 2589 quem
907 2522 992 2589 longa
1009 2519 1150 2584 obsidione
1168 2518 1231 2573 fati·

113 2594 236 2660 gaverat,
263 2592 292 2644 in
319 2590 489 2645 dedicionem
517 2592 675 2660 susciperet,
702 2591 789 2645 filium
817 2592 875 2646 eius
893 2592 1066 2661 Adalgisum,
1092 2591 1122 2643 in
1148 2606 1231 2657 quem

113 2678 174 2730 spes
186 2662 309 2714 omnium
320 2661 449 2716 inclinate
458 2662 630 2731 videbantur,
639 2680 695 2716 non
704 2661 821 2733 [solumh
833 2664 936 2732 regno],
945 2662 993 2716 sed
1002 2663 1086 2716 etiam
1092 2661 1175 2715 Italia
1185 2678 1231 2714 ex·
1250 2677 1278 2717 so

114 2731 211 2786 cedere
221 2733 406 2801 compelleret,
416 2735 508 2787 omnia
516 2733 648 2787 Romanis
660 2739 805 2803 accepta⁰
816 2734 982 2801 restitueret,
991 2730 1231 2802 Muodgausumb]

113 2801 186 2856 Foro
205 2802 275 2856 Iulii
294 2803 408 2858 ducatus
425 2804 579 2873 prefectum
594 2806 762 2875 opprimeret
780 2809 922 2873 totamque
935 2804 1046 2858 Italiam
1064 2820 1112 2857 sue
1131 2803 1232 2857 dicioni

16 2888 46 2934 *a
57 2888 103 2928 sae.
113 2873 287 2944 'subiugaret
304 2875 469 2944 subactaque
487 2875 575 2929 filium
592 2875 741 2945 Pippinum
759 2894 853 2946 regem
872 2877 1034 2945 imponeret.

21 2960 102 3002 saar.
219 2945 286 2999 Post
304 2945 380 3000 cuius
398 2945 481 3000 finem
494 2946 669 3016 Saxonicum,
688 2947 762 3016 quod
780 2948 857 3016 quasi
872 2947 1057 3000 intermissum
1075 2945 1229 3014 videbatur,

112 3017 261 3085 repetitum
274 3022 321 3073 est.
343 3017 405 3086 Q'uo
414 3018 521 3072 nullum
534 3035 623 3087 neque
635 3018 767 3088 prolixius
779 3035 868 3087 neque
880 3017 997 3072 atrocius
1005 3016 1229 3084 Francorumque
1248 3025 1275 3068 ⁸⁶

112 3089 216 3157 populo
234 3089 396 3143 laboriosius
414 3093 572 3158 susceptum
591 3094 639 3146 est.
677 3089 755 3143 (lum
776 3106 878 3159 magna
898 3088 1036 3157 utrimque
1058 3087 1229 3141 animositate

112 3164 268 3229 susceptum
281 3164 323 3215 est
333 3160 446 3226 bellum,
455 3164 548 3214 tamen
560 3162 663 3214 maiore
675 3160 816 3215 Saxonum
828 3177 910 3229 quam
919 3159 1088 3214 libenoorum
1101 3159 1229 3226 dampno,

113 3234 145 3284 et
155 3248 206 3300 per
217 3231 360 3286 continuos
369 3230 502 3285 XXXIII
511 3249 597 3286 annos
606 3233 760 3302 gerebatur.
788 3231 903 3285 Poterat
911 3230 1045 3301 siquidem
1054 3230 1138 3284 cicius
1147 3228 1229 3296 finiri,

112 3302 134 3354 si
147 3300 287 3356 Saxonum
305 3303 358 3357 hoc
376 3303 491 3372 perfidia
509 3307 657 3372 pateretur.
688 3302 808 3357 Difficile
827 3301 1019 3357 dicendum
1038 3305 1087 3368 est,
1099 3301 1230 3370 quociens

112 3374 232 3441 superati
264 3391 296 3428 ac
323 3375 458 3443 supplices
486 3375 546 3445 regi
573 3391 601 3428 se
628 3373 807 3440 dediderunt,
844 3374 950 3443 legatos
976 3373 1023 3441 qui
1050 3371 1230 3426 mittebantur
1247 3383 1276 3422 so

112 3449 297 3513 susceperunt,
316 3446 482 3513 aliquociens
500 3445 539 3499 ita
557 3445 654 3498 domiti
673 3448 702 3499 et
720 3445 844 3512 emolliti,
862 3449 894 3498 ut
912 3444 996 3498 ctiam
1015 3445 1119 3497 cultum
1136 3442 1229 3496 demo·

112 3532 178 3567 num
201 3515 340 3570 dimittere
365 3519 394 3570 ct
412 3516 564 3570 Christiane
588 3516 716 3586 religioni
741 3533 769 3571 se
794 3515 911 3570 subdere
935 3514 1136 3584 promitterent.
1174 3511 1230 3566 Sed

112 3586 181 3639 sicut
208 3586 242 3640 ad
267 3587 319 3641 hec
343 3587 470 3642 facienda
488 3587 654 3655 aliquociens
680 3587 769 3658 proni,
797 3587 836 3641 sic
864 3587 899 3640 ad
926 3585 1022 3640 eadem
1048 3583 1230 3655 pervertenda

112 3673 221 3726 semper
244 3657 321 3713 fuere
346 3658 501 3727 precipites.
546 3658 618 3712 Nam
642 3657 814 3726 numquamd
839 3674 885 3712 eos
910 3656 1014 3726 aliquid
1040 3658 1230 3725 perpetrantes

111 3728 224 3796 impune
251 3729 323 3782 ferre
350 3745 444 3797 passus
472 3734 521 3796 est,
549 3729 614 3797 quin
639 3733 686 3783 aut
710 3730 769 3797 ipse
787 3747 838 3797 per
855 3746 884 3782 se
902 3732 950 3781 aut
967 3744 1017 3796 per
1035 3726 1149 3782 comites
1167 3743 1230 3780 suos
1248 3741 1276 3780 so

112 3799 194 3852 misso
213 3800 337 3855 exercitu
354 3798 498 3868 perfidiam
517 3800 694 3853 ulcisceretur
712 3804 740 3853 et
758 3799 870 3869 dignam
889 3800 924 3854 ab
937 3799 976 3852 eis
987 3815 1087 3868 penam
1099 3797 1229 3868 exigeret,

112 3886 197 3937 usque
215 3870 290 3938 dum,
309 3871 436 3923 omnibus
454 3871 501 3938 qui
519 3870 644 3924 resistere
662 3871 787 3924 solebant
804 3869 955 3940 profligatis
968 3875 996 3924 et
1012 3869 1042 3922 in
1060 3885 1136 3922 suam
1151 3872 1229 3937 pote·

112 3944 210 3994 statem
228 3940 353 4007 redactis,
373 3939 468 3994 decem
486 3940 563 3993 milia
579 3940 723 3994 hominum
742 3959 776 3995 ex
794 3941 835 3994 bis
854 3942 901 4009 qui
919 3945 1047 4010 utrasque
1065 3941 1139 4009 ripas
1150 3939 1230 3994 Albis

112 4009 251 4064 fluminis0
273 4011 432 4064 incolebant
458 4027 521 4064 cum
548 4012 679 4066 uxoribus
707 4016 734 4065 et
761 4012 882 4081 parvulis
906 4013 1027 4066 sublatos
1044 4009 1184 4065 transtulit
1202 4013 1229 4064 et

112 4155 140 4218 a)⁸
149 4155 180 4192 tta
193 4165 211 4193 e.
266 4154 289 4246 bg
303 4163 362 4218 spem
375 4157 394 4192 et
408 4154 492 4193 laterae
505 4166 562 4213 apsa
575 4158 594 4193 et
608 4156 775 4194 succedemus
788 4165 815 4194 ee
829 4155 942 4194 Etahardo
956 4155 1060 4204 suppleat.
1113 4155 1133 4203 c)
1151 4158 1230 4203 erepta
1248 4157 1277 4199 ω

111 4207 219 4247 Einhard.
291 4210 297 4255 )
312 4218 448 4256 unumquam
458 4219 502 4256 pro
516 4218 545 4246 na
560 4219 680 4256 numquam
694 4220 712 4251 c.
765 4209 786 4260 e)
800 4209 930 4248 fluminibus
943 4219 961 4248 c.

113 4330 139 4396 l)
157 4330 226 4455 slqire
245 4330 328 4387 desid.
347 4334 381 4397 cf.
400 4333 552 4399 aradam
567 4333 591 4399 I,
609 4349 630 4387 c.
644 4335 685 4387 16.
759 4332 786 4402 2)
805 4330 834 4384 in
854 4363 886 4371 -
906 4330 1027 4384 eiusdem
1045 4333 1080 4396 cf.
1094 4331 1231 4398 Leyeadm

107 4417 162 4469 pro
187 4419 259 4469 oum.
