2970 4950
248 436 283 490 64
561 427 742 485 ANNALES
761 427 1050 486 MARBAOENSES.

161 625 237 677 1192.
356 616 485 679 Eodem
525 636 614 677 anno
651 614 829 677 Odnradus
869 614 1131 696 Argentinensis
1170 615 1308 700 capitur
1347 638 1368 680 a

249 706 453 788 quibusdam
477 704 759 767 ministerialibus
784 704 936 766 eiusdem
960 704 1119 766 civitatis.

162 803 237 854 1192.
357 793 471 856 *Asino
504 793 643 856 Domini
673 791 874 855 MOXOIII.
929 792 1136 855 Adelbertus
1165 793 1367 857 Leodiensis
1386 807 1460 856 *att

121 883 429 966 (nasaraepiscopus
452 883 584 945 occisus
608 884 660 944 est
683 881 925 944 fraudulenter
948 902 968 943 a
983 881 1187 963 quibusdam
1205 883 1367 946 fidelibus

249 972 465 1055 imperatoris
476 971 496 1032 ¹.
1385 994 1397 1032 a

162 1069 238 1120 1193.
355 1061 457 1123 Anno
492 1059 631 1121 Domini
666 1058 886 1121 uoxolffl.
946 1059 1053 1123 Facta
1087 1062 1139 1122 est
1173 1061 1367 1123 coniuratio

151 1149 364 1220 *praevalida
387 1149 549 1211 adversus
573 1148 824 1230 imperatorem,
850 1146 1046 1229 *autequam
1072 1148 1138 1212 iret
1162 1151 1314 1212 secundo
1331 1151 1367 1212 in

251 1238 422 1321 Syciliam,
447 1257 507 1319 per
531 1236 714 1299 orientales
735 1237 883 1299 Saxones
908 1240 942 1299 et
965 1237 1137 1300 inferioris
1161 1242 1254 1301 terre
1277 1239 1365 1322 prin-

251 1328 343 1408 cipes
382 1329 417 1389 et
451 1346 512 1408 per
547 1325 722 1408 episcopos
758 1326 1001 1407 Magantinum
1037 1329 1072 1389 et
1107 1325 1364 1404 Coloniensem;

251 1436 351 1496 quam
383 1414 589 1477 sedicionem
620 1414 805 1497 imperator
836 1417 955 1476 contra
985 1415 1138 1476 omnium
1169 1415 1364 1498 opinionem
1385 1439 1408 1476 10

250 1503 415 1566 facillime
439 1503 571 1565 sedavit
581 1504 602 1563 2.

360 1592 486 1655 Elodem
526 1612 615 1654 anno
654 1591 868 1667 TancraduS,
913 1593 971 1674 qui
1011 1593 1171 1675 Apuliam
1220 1613 1281 1676 per
1319 1595 1365 1656 in·

252 1681 422 1744 vasionem
448 1680 609 1756 obtinuit,
635 1681 730 1752 obiit,
757 1684 792 1743 et
816 1680 907 1743 filius
934 1702 1015 1743 suus
1047 1682 1218 1744 maior³·³.
1273 1683 1366 1745 Huic

252 1770 457 1852 desponsata
494 1769 563 1831 fuit
607 1769 678 1831 filia
717 1769 1094 1852 Constantinopolitani
1139 1771 1365 1854 imperatoris,

251 1880 353 1941 quam
384 1862 502 1942 postea
533 1859 624 1940 apud
655 1857 850 1921 Palernrum
880 1860 1055 1922 inventam
1090 1859 1273 1922 Heinricus
1307 1861 1365 1922 im·
1385 1881 1408 1919 1⁵

251 1950 389 2030 perator
411 1948 512 2010 fratri
536 1967 597 2009 suo
620 1946 792 2030 Phylippo
815 1967 956 2010 uxorem
979 1948 1124 2010 tradidit
1133 1947 1155 2009 4.

357 2037 438 2119 Ipso
472 2057 561 2099 anuo
596 2036 783 2117 imperator
813 2038 1055 2099 commendans
1086 2057 1121 2100 se
1152 2037 1365 2100 orationibus

251 2126 490 2208 religiosorum
513 2125 640 2206 ubique
664 2127 700 2187 et
723 2127 879 2188 statuens
904 2146 964 2208 pro
987 2125 1062 2208 ipso
1086 2126 1160 2188 fieri
1184 2127 1303 2188 missas
1331 2131 1366 2190 et

252 2214 440 2291 orationes,
477 2214 631 2277 collectis
661 2214 812 2294 undique
844 2214 949 2296 copiis
979 2214 1145 2292 militum,
1181 2215 1254 2298 ipse
1289 2236 1365 2278 cum

146 2304 467 2386 uarrraimperatrice
497 2302 585 2363 IIII.
611 2302 696 2365 ldus
720 2301 827 2364 Maii⁵
856 2323 876 2364 a
905 2301 1035 2366 Trivels
1066 2306 1177 2366 castro
1207 2324 1269 2366 suo
1299 2304 1367 2368 iter
1385 2325 1410 2363 aa

252 2392 345 2474 cepit
378 2393 412 2454 in
448 2391 628 2474 Apuliam,
664 2411 739 2454 eam
772 2395 983 2474 recepturus.
1040 2392 1252 2456 Procedente
1286 2413 1366 2456 vero

163 1573 240 1626 1191.

112 1644 187 1690 (rear.
197 1645 239 1691 eo).

254 2473 385 2562 [verisbl
409 2483 564 2563 tempore
589 2480 853 2561 imperatorem
877 2480 1117 2558 Loubardiam,
1142 2484 1367 2563 pentecosten

146 2591 199 2628 nan
208 2591 240 2631 aa
253 2568 439 2631 celebravit
462 2567 651 2630 Mediolani
674 2568 830 2650 gloriose,
855 2569 916 2631 ubi
939 2572 1161 2632 occurrerunt
1186 2570 1218 2633 ei
1248 2570 1368 2633 nuncii

253 2656 377 2719 Leonis
410 2657 452 2719 de
482 2655 693 2733 Montanial,
729 2658 788 2738 qui
823 2657 963 2740 petebat
998 2657 1040 2721 ab
1076 2677 1115 2721 eo
1151 2658 1296 2722 exaltari
1330 2659 1367 2721 in

252 2765 397 2826 regnum
420 2745 456 2806 iu
479 2747 571 2808 terra
595 2766 665 2821 sua,
684 2746 867 2829 disponens
883 2766 919 2809 sc
936 2766 1069 2829 semper
1085 2766 1156 2810 esse
1173 2747 1365 2811 subiectum
1385 2767 1411 2808 n

253 2834 395 2916 imperio
425 2834 590 2898 Romano.
644 2835 717 2917 Ipsi
746 2855 880 2917 quoque
911 2835 1018 2918 legati
1048 2835 1214 2918 petebant
1248 2857 1284 2899 se
1318 2837 1367 2898 iu-

253 2923 449 2986 beueficiari
482 2922 524 2985 ab
559 2923 765 3006 imperatore
800 2924 974 2987 beneficiis
1008 2925 1093 2987 raris
1124 2929 1159 2988 et
1193 2925 1288 3008 prius
1318 2925 1366 2987 iu-

252 3079 273 3129 s)
288 3078 366 3116 maior.
381 3078 439 3116 Huic
453 3077 620 3120 antelucanae.
675 3078 698 3125 b)
712 3079 768 3116 deest
782 3089 814 3124 c.,·
827 3079 898 3126 suppl.

249 3199 322 3260 patet
341 3193 439 3244 nobiles
457 3194 520 3245 illes
537 3194 727 3245 ministeriales
744 3195 852 3260 imperii
868 3211 960 3246 nomen
977 3211 1057 3246 suum
1075 3196 1106 3246 de
1123 3196 1227 3246 castelle
1246 3194 1368 3246 Alsatiae

252 3267 394 3329 inferioris
418 3265 492 3332 apud
510 3265 537 3318 S.
557 3265 733 3331 prpotitune
755 3267 805 3315 sito
831 3269 966 3331 accepisse,
991 3267 1059 3332 qnod
1078 3265 1153 3317 hodie
1170 3266 1367 3331 ‘Halikoenips-
1386 3277 1411 3316 9ο

252 3336 333 3402 hurp’
351 3351 480 3390 eominus.
499 3367 534 3374 -
553 3336 714 3387 Butheldus
736 3341 864 3387 autumno
888 3339 1051 3395 anni1193.
1076 3337 1164 3388 cecidit
1188 3338 1237 3401 (cf.
1262 3337 1365 3403 Toecde,

252 3407 389 3459 ‘Heinrich
409 3407 463 3460 VL’
481 3425 508 3474 p.
528 3410 601 3466 322).
692 3408 718 3473 1)
746 3407 807 3456 Iam
831 3410 999 3462 ann01192.
1025 3409 1125 3459 occisis
1149 3412 1205 3470 est,·
1228 3410 1262 3472 ef.
1280 3424 1367 3473 supra

249 3497 275 3546 p¹
299 3480 342 3544 62,
369 3495 395 3532 n.
418 3480 442 3532 6.
469 3484 491 3530 et
516 3478 607 3543 Bloch,
635 3477 844 3543 ‘Forschunpen’
865 3496 892 3545 p.
915 3481 958 3532 22.
987 3509 1020 3516 —
1047 3478 1128 3544 Hupo
1152 3480 1183 3529 de
1208 3479 1365 3545 Wermatia,

251 3565 332 3616 quem
353 3547 550 3617 Lethen'ngiae
575 3547 678 3600 dudum
703 3547 872 3616 praefecerat
897 3548 1054 3617 imperator,
1078 3551 1199 3600 criminis
1224 3555 1368 3601 accusatur

251 3623 299 3686 (cf.
316 3621 406 3671 Vitam
424 3620 548 3681 Alberti).
632 3618 660 3688 2)
688 3619 761 3682 Quae
778 3620 821 3671 hie
838 3626 995 3671 narrantur
1014 3622 1050 3672 ad
1067 3622 1277 3672 coniurationem
1295 3636 1367 3672 anno
1386 3631 1411 3671 aa

252 3694 328 3746 1193.
348 3692 451 3755 factam
469 3697 601 3757 spectant;
621 3693 655 3755 ef.
674 3690 764 3754 Bloch,
783 3691 993 3758 ‘Forschunpen’
1008 3708 1037 3757 p.
1057 3694 1099 3746 48.
1137 3691 1207 3743 Sene
1227 3690 1368 3743 Conradus

251 3763 462 3830 archiepiscopus
479 3763 656 3827 Mopuntinus
673 3762 777 3812 deuncem
798 3778 883 3814 mense
900 3763 1036 3814 Ianuario
1057 3764 1126 3813 unni
1145 3765 1221 3816 1194.
1239 3763 1368 3814 Heinrico

250 3834 437 3884 reconciliatus
455 3848 507 3883 esse
525 3833 644 3897 videtum
665 3832 700 3895 cf.
719 3833 813 3883 ibidem
834 3850 862 3899 p.
883 3835 924 3888 66,
1002 3836 1028 3901 3)
1050 3834 1138 3884 Filius
1156 3833 1288 3899 Repertus
1306 3841 1368 3885 ante

249 3911 355 3971 pate-em
372 3919 451 3954 suum
469 3903 510 3952 die
529 3905 571 3956 20.
591 3903 738 3954 Februarii
755 3904 907 3967 destructum
926 3905 997 3958 obiit.
1074 3904 1102 3973 4)
1122 3905 1200 3956 frene
1218 3905 1277 3969 fitia
1295 3904 1369 3956 Isace'

251 3975 351 4039 Anpeti
372 4004 407 4011 -
430 3989 447 4023 a
468 3974 615 4025 Teutonieis
632 3980 723 4039 postea
742 3975 836 4026 Maria
854 3977 992 4027 nominata
1011 4005 1045 4012 -
1063 3976 1179 4040 Reperio
1197 3991 1269 4026 anno
1290 3978 1366 4030 1193.
1385 3987 1412 4025 40

250 4051 396 4112 nupseram
414 4047 448 4109 cf.
463 4042 610 4107 Ottendorf,
631 4045 791 4110 ‘Rapierunp
808 4047 856 4096 der
874 4046 962 4097 beiden
980 4046 1072 4098 letzten
1083 4046 1367 4112 Normunneniednipe’

248 4132 278 4181 p.
302 4117 353 4182 443
381 4131 466 4166 mense
490 4115 627 4166 Decembri
654 4118 721 4167 unni
744 4118 820 4171 1194.
846 4115 972 4182 Phiiippo
997 4118 1154 4184 desponsata
1179 4123 1233 4178 est;
1258 4119 1368 4184 nuptiae

247 4190 390 4252 pentecoste
405 4187 475 4237 anni
486 4188 564 4241 1197.
580 4186 722 4238 catenatae
734 4193 803 4241 sunt.
870 4191 897 4253 ὅ)
909 4187 949 4251 Cf.
962 4189 1109 4254 diplomata
1122 4189 1151 4238 in
1163 4195 1252 4239 castro
1266 4189 1368 4239 Trivels

250 4258 315 4308 duta
340 4256 469 4324 (Stumpf,
490 4257 718 4309 ‘Reiehslrnnaler’
737 4258 800 4323 Rep.
819 4260 1004 4312 4859-4861.
1030 4260 1061 4309 de
1086 4275 1111 4311 u.
1132 4261 1208 4313 1194.
1235 4259 1308 4310 Maii
1328 4261 1367 4324 9).

251 4327 278 4396 6)
299 4329 394 4379 Leonis
406 4329 444 4382 ΙΙ.
463 4331 535 4395 repis
546 4330 698 4396 Armeniae,
718 4331 766 4395 qui
782 4344 867 4380 mense
878 4328 1013 4380 Ianuario
1032 4331 1101 4379 anni
1115 4330 1192 4384 1198.
1211 4346 1229 4381 a
1243 4330 1368 4382 &uredo
1385 4340 1412 4381 46

250 4399 409 4467 Mepuntine
425 4400 621 4469 arehupiuepe
638 4403 741 4453 sanine
758 4402 867 4468 imperii
882 4405 1025 4452 emanatus
1043 4405 1087 4454 est.
