2970 4950
418 431 601 492 ANNAIAES
619 431 907 490 MARBAOENSES.
1189 437 1223 491 75

103 617 224 702 populi
247 618 290 682 de
314 616 456 682 diversis
472 616 657 700 provinciis
680 615 785 680 illua⁸
804 617 879 700 ipsa
901 616 957 680 die
974 594 1368 706 confluxeratl‘ffilm

103 709 139 772 et
161 705 306 789 reliquie
331 726 449 770 eorum
480 705 524 769 ad
551 705 687 769 diversa
717 704 794 768 loca
823 705 959 789 partite.
1014 705 1067 771 De
1097 705 1221 788 quibus

102 794 257 878 reliquiis
299 815 320 859 a
357 793 546 861 venerabili
583 794 687 858 Petro
728 793 855 859 abbate
893 794 937 858 ad
975 794 1221 858 monasterium

102 882 330 968 Nirburgenso
353 883 388 946 in
413 902 538 966 magna
561 882 757 966 quantitate
778 885 960 966 apportate
977 885 1012 947 et
1028 883 1121 966 apud
1140 875 1217 947 eosb

73 976 246 1038 sactenus
269 967 467 1038 recondite.l

213 1057 379 1144 lContigit
402 1081 442 1126 eo
465 1064 622 1144 tempore
643 1080 698 1125 res
729 1060 887 1124 miranda
916 1063 952 1124 et
981 1061 1107 1124 nostris
1138 1063 1367 1125 tem-nanas.

103 1149 244 1234 poribus
266 1149 368 1215 valde
390 1149 549 1214 inaudita
572 1148 665 1233 apud
687 1149 824 1214 [tetiam
840 1151 1035 1231 Augustam
1058 1149 1220 1214 accidit0.

102 1238 193 1302 Nam
217 1239 385 1322 quaedam
409 1237 542 1316 mulier,
563 1238 644 1301 dum
661 1238 914 1303 communicare
930 1238 1080 1316 deberet,
1098 1258 1220 1321 corpus

103 1327 314 1392 dominicum
337 1327 374 1390 in
398 1347 455 1392 ore
479 1327 675 1403 reservavit,
706 1328 798 1410 quod
824 1330 945 1410 postea
973 1347 1051 1392 cera
1080 1327 1221 1391 circum·

62 1416 201 1481 adedit
224 1419 260 1482 et
282 1416 375 1500 apud
399 1436 435 1481 se
459 1416 550 1479 domi
572 1415 727 1493 retinuit,
752 1415 867 1480 nescio
891 1416 973 1499 quid
1003 1415 1068 1479 tali
1096 1415 1220 1479 machi·
1290 1436 1294 1447 ·

102 1505 245 1570 natione
267 1507 491 1588 temptatura.
538 1504 664 1569 Postea
687 1504 882 1588 penitentia
908 1505 1015 1569 dueta
1044 1505 1089 1568 ad
1118 1525 1220 1588 quen-

104 1595 183 1658 dam
206 1593 435 1677 presbiterum
458 1593 658 1676 religiosum
682 1595 718 1657 et
741 1593 829 1658 bone
852 1593 945 1658 fame
969 1593 1113 1658 accessit
1137 1594 1221 1658 etei

11 1705 84 1756 *aaa
103 1685 283 1766 peccatum
307 1703 407 1747 suum
431 1681 622 1747 *indicavit
669 1680 737 1760 Qui
767 1681 900 1754 nullam
931 1683 962 1746 ei
992 1682 1221 1766 penitentiam

102 1771 283 1856 iniungere
316 1770 437 1847 voluit,
473 1771 557 1854 quin
591 1772 686 1855 prius
720 1791 843 1855 corpus
874 1770 1016 1835 Domini
1049 1771 1219 1848 redderet,

64 1882 86 1922 a
103 1861 194 1944 quod
218 1861 311 1944 apud
335 1879 371 1925 se
394 1859 485 1924 male
509 1860 603 1923 domi
625 1859 759 1924 habuit.
805 1859 905 1923 Abiit
927 1858 989 1922 illa
1012 1862 1048 1924 et
1079 1860 1220 1923 domini·

53 1986 55 1992 ·
103 1970 181 2014 cum
205 1969 337 2033 corpus,
366 1951 407 2013 ut
438 1952 512 2013 erat
542 1949 578 2011 in
609 1968 697 2024 cera,
729 1947 919 2032 presbitero
949 1948 1086 2013 detulit.
1141 1946 1218 2026 Qui,

103 2039 287 2122 assumptis
310 2058 426 2102 secum
456 2036 576 2101 multis
606 2037 682 2100 aliis
713 2036 882 2113 fidelibus,
914 2037 1101 2101 honorifice
1131 2036 1220 2100 illud

102 2127 233 2210 recepit
256 2130 291 2190 et
315 2127 473 2210 aperiens
498 2145 611 2191 ceram
640 2125 775 2191 invenit
805 2145 928 2209 corpus
956 2125 1046 2188 illud
1078 2125 1220 2189 domini·

103 2236 179 2279 cum
204 2219 239 2280 et
263 2235 386 2299 panem
417 2215 598 2300 mysticum
628 2214 666 2277 in
688 2235 804 2279 veram
834 2214 946 2278 carnis
976 2214 1220 2298 sanguinisque

64 2325 86 2364 a
102 2306 272 2368 mutatam
295 2324 367 2368 esse
391 2303 631 2368 substantiam.
671 2304 727 2367 Ad
751 2303 848 2368 cuius
871 2303 921 2369 rei
944 2303 1133 2367 novitatem
1150 2323 1220 2367 non

102 2396 173 2456 tam
205 2394 247 2458 de
278 2393 478 2477 propinquis
507 2392 706 2476 regionibus
736 2412 839 2475 quam
874 2396 909 2456 et
945 2393 988 2456 da
1022 2391 1220 2475 longinquis

103 2481 259 2565 partibus
281 2486 373 2546 terre
396 2480 587 2546 multitudo
610 2481 759 2545 maxima
782 2481 935 2558 confluit,
967 2483 1003 2546 et
1029 2481 1141 2544 multa
1170 2481 1220 2545 ibi

21 2591 26 2604 ·
103 2570 271 2634 Dominus
294 2571 461 2634 miracula
482 2571 520 2633 in
543 2570 681 2635 laudem
704 2570 852 2633 nominis
876 2570 930 2634 sui
952 2564 1135 2654 operatur.¹

207 2659 289 2743 Ipso
328 2679 418 2723 anno
458 2659 639 2723 Ounradus
676 2659 904 2742 Moguntinus
942 2659 1307 2744 archiepiscopusllst).

63 2750 180 2830 apost
203 2748 331 2812 multos
355 2748 490 2812 labores
518 2750 614 2811 trans
642 2768 735 2812 mare
764 2769 841 2812 cum
870 2748 991 2812 multis
1020 2748 1098 2812 aliis
1127 2769 1219 2832 pere·

102 2837 208 2919 grinis
240 2857 396 2903 reversus
406 2836 427 2914 ¹,
463 2837 618 2920 quamvis
650 2840 792 2921 proptor
824 2840 970 2901 mortem
1001 2837 1219 2921 imperatoris

102 2924 210 2990 nichil
232 2925 283 2990 ibi
305 2926 503 3010 profecerit,
527 2928 645 2990 tamen
674 2946 789 2990 amore
817 2926 1079 2991 restaurationis
1108 2926 1218 2990 sancti

102 3013 251 3098 sepulcri
274 3014 415 3078 Domini
440 3015 565 3078 ductus
589 3035 706 3078 rursus
730 3035 866 3080 crucem
890 3016 1034 3098 accepit.

206 3097 266 3166 In‘1
293 3110 404 3166 eodem
433 3126 517 3166 anno
540 3113 614 3167 anta
637 3109 839 3168 nativitatem
862 3109 991 3166 Domini
1016 3109 1218 3166 combustum
1227 3094 1387 3188 {Zfflm'l‘

10 3248 12 3252 .
63 3199 399 3255 westmonasterium
422 3199 645 3256 Hohenburoh.

206 3282 309 3345 Anno
336 3281 479 3344 Domini
504 3279 610 3344 Meo.
658 3279 742 3346 Otto
777 3280 912 3345 comes²
945 3280 982 3343 in
1017 3280 1107 3345 bona
1142 3256 1340 3373 con-2295„

99 3368 249 3434 fossione
269 3372 304 3434 et
323 3369 428 3454 longa
447 3369 643 3454 egritudine
659 3370 752 3452 apud
769 3369 975 3453 Bysuntium
992 3368 1218 3450 defungitur³

101 3461 136 3523 et
166 3457 209 3523 ab
240 3458 363 3522 incolis
392 3458 487 3522 illius
518 3457 692 3542 provincie
716 3457 902 3542 plurimum
927 3461 1069 3541 propter
1091 3458 1217 3522 bonam

100 3545 336 3613 defensionem
359 3547 568 3630 deploratur.

60 3655 83 3695 a
207 3635 337 3700 Eodem
362 3656 453 3700 anno
477 3634 688 3700 Bertholdus
712 3654 823 3699 eomes
848 3635 891 3700 de
913 3634 1156 3701 Niivvenburch
1180 3636 1217 3699 in

100 3723 287 3807 Brisgavvia
307 3745 443 3790 crucem
463 3746 538 3790 cum
557 3723 652 3788 filio4
667 3725 810 3808 accepit,
827 3727 923 3788 trans
939 3744 1032 3790 mare
1048 3727 1216 3809 perpetuo

99 3858 121 3912 a)
135 3860 188 3900 illua
202 3861 341 3900 confluxerat
355 3863 378 3900 ἐκ
392 3863 439 3901 loco
454 3860 633 3912 ram51psadle
647 3863 719 3902 eadem
733 3873 799 3901 manu
812 3872 917 3911 ruperam.
986 3863 1008 3911 b)
1026 3873 1038 3902 e
1054 3863 1077 3900 m
1091 3863 1138 3902 laco
1152 3873 1216 3910 raam·

100 3918 162 3952 antea
176 3925 217 3953 noa
231 3915 334 3963 scriptum
347 3915 416 3962 fuisso
428 3916 499 3954 adhuc
512 3927 539 3955 aa
553 3917 637 3955 litterae
646 3928 661 3955 n
670 3917 767 3966 reliquia
776 3919 846 3965 potat.
896 3918 917 3965 a)
926 3916 950 3954 ἐκ
957 3917 1055 3964 maraine
1064 3927 1129 3954 manu
1140 3926 1217 3955 coaeva

98 3977 154 4006 oasa.
169 3967 246 4006 XIII:
262 3969 321 4007 Nota
335 3967 363 4007 de
377 3979 472 4018 torpore
486 3973 508 4008 et
526 3970 633 4018 sanguine
647 3970 744 4009 Domini.
777 3969 844 4008 Hanc
861 3980 943 4020 quoquo
959 3971 1107 4009 narrationem
1125 3969 1216 4009 librarlo

56 4016 82 4057 40
99 4019 246 4069 Neoburyenai
259 4022 417 4060 attribuendam
432 4033 475 4062 aaa
490 4033 569 4063 censeo.
631 4020 655 4073 d)
670 4024 703 4070 Cf.
718 4025 745 4062 de
758 4023 799 4062 lma
812 4023 956 4062 additamento
970 4023 1148 4072 Hohenburyensi
1161 4034 1216 4063 aom-

98 4075 226 4112 menrarr'um
239 4085 317 4116 meum.

99 4177 125 4248 1)
145 4180 235 4232 Menae
246 4181 320 4232 Italia
339 4197 364 4236 a.
379 4183 456 4236 1199.
475 4182 505 4232 ia
519 4182 649 4248 Apuliam
666 4182 763 4244 rediit,·
782 4183 817 4246 af.
834 4183 1075 4236 Boiam-Piala
1092 4199 1136 4236 ar.
1149 4185 1216 4248 40⁸3

98 4251 128 4301 ia
141 4251 316 4303 Germaniam
334 4251 436 4304 damam
455 4267 529 4304 anno
546 4257 654 4304 meanto
672 4268 794 4304 reversas
809 4259 854 4308 eat.
921 4253 949 4321 2)
970 4254 1060 4305 &mea
1072 4255 1217 4320 palatinus

98 4321 283 4388 Barquadiae,
292 4321 414 4389 Philippi
424 4325 496 4387 raaia
507 4322 607 4387 frater,
617 4323 652 4386 cf.
662 4338 750 4388 cupra
758 4339 788 4389 p.
798 4325 913 4380 68-70,
969 4322 997 4392 3)
1007 4324 1058 4376 Die
1068 4327 1109 4382 13,
1120 4326 1217 4375 mansis

52 4405 79 4446 aa
98 4391 230 4444 Ianuarii
241 4409 267 4447 a.
281 4395 359 4458 1200,
371 4408 424 4445 non
440 4408 465 4448 a.
480 4393 558 4458 1201,
574 4397 606 4444 ut
619 4391 818 4461 Wialmlmaan,
835 4393 968 4462 ‘Philipp’
978 4411 1008 4460 p.
1023 4397 1084 4451 517.
1100 4396 1217 4454 amaia,-

99 4465 132 4527 οἵ.
150 4462 393 4517 Borma-Fara
410 4479 454 4518 mr.
473 4465 517 4519 39.
587 4464 616 4531 4)
636 4462 788 4518 Bartholdo.
