2970 4950
543 433 723 490 anninus
741 434 1031 492 MARBAOIINSIIS.
1311 439 1346 493 95

123 639 129 664 ¹
161 639 209 682 ru.
334 615 451 680 *Anno
481 616 751 680 MOOXXXIII.
808 618 881 682 Rex
912 616 1096 682 Heinrious
1135 618 1345 701 colloquium
1357 625 1433 679 1233.

227 706 409 769 habiturus
433 707 526 789 apud
543 705 762 790 Hagenovve¹
783 708 983 770 convocavit
999 707 1185 790 episcopos,
1203 708 1345 772 comites

229 798 264 858 et
288 795 433 858 barones
458 796 500 858 de
524 795 659 858 Alsatia
682 799 718 858 et
740 794 826 859 fecit
848 795 954 858 iurari
978 816 1107 879 pacem.
1161 795 1241 879 Ipse
1264 816 1344 860 vero
1355 818 1432 867 (aaa

228 883 374 948 collecto
410 883 564 948 exercitu
598 884 706 947 movit
740 883 992 966 expeditionem
1029 884 1191 949 adversus
1222 885 1345 949 ducem

195 971 413 1048 sBawarie²‚
450 972 509 1054 qui
543 975 684 1055 propter
717 977 863 1036 mortem
898 972 1006 1055 patris
1040 972 1116 1036 sui³
1149 993 1219 1037 non
1258 973 1345 1037 bene

228 1060 400 1125 sentiebat
424 1081 502 1123 cum
526 1081 617 1142 rege.
664 1060 744 1123 Dux
776 1064 901 1137 autem,
932 1081 1001 1124 non
1025 1061 1144 1124 valens
1175 1062 1344 1126 sustinere

227 1152 361 1212 tantam
387 1149 648 1214 multitudinem
673 1153 707 1213 et
731 1150 899 1232 impetum
922 1150 1012 1231 regis
1036 1152 1071 1212 et
1087 1170 1235 1228 suorum,
1254 1151 1344 1215 datis

228 1237 405 1301 obsidibus
428 1238 525 1302 venit
548 1237 592 1301 ad
616 1238 828 1302 deditionem
852 1240 887 1302 et
910 1237 997 1301 fecit
1020 1258 1149 1321 pacem.

334 1325 480 1390 Interim
496 1346 576 1391 vero
592 1326 823 1390 Theodericus
848 1346 960 1390 comes
977 1327 1019 1391 de
1035 1326 1155 1391 Monte
1172 1327 1345 1410 Bilgardis

182 1438 210 1476 ιο
228 1415 312 1478 fines
351 1414 484 1478 Alsatie
526 1436 602 1478 cum
643 1416 783 1478 armatis
828 1415 971 1478 intravit
1009 1417 1054 1479 ad
1098 1420 1343 1480 nocumentum

228 1502 387 1566 abbatis4
410 1503 452 1566 de
475 1503 655 1580 limbach,
680 1503 740 1586 qui
762 1503 875 1586 ipsum
906 1503 1012 1586 priori
1042 1525 1131 1568 anno
1155 1504 1210 1568 vel
1241 1508 1444 1568 antea1232?

228 1591 471 1675 captivaverat.
519 1592 655 1655 Etiam
680 1611 792 1655 comes
816 1590 1021 1674 quibusdam
1053 1593 1236 1676 captivatis
1267 1599 1433 1657 cnm1233.

228 1681 334 1764 preda
357 1679 464 1764 *cepit
488 1679 592 1745 abire.
632 1679 717 1744 Orto
742 1684 858 1744 autem
880 1680 1028 1744 clamore
1045 1680 1166 1764 populi
1182 1685 1218 1744 et
1232 1682 1344 1746 turbis
1355 1703 1385 1752 *t
1397 1704 1452 1747 με’.

228 1771 369 1852 propter
405 1770 555 1834 iuratam
594 1789 714 1852 pacem
753 1768 1054 1845 concurrentibus,
1097 1771 1234 1852 capitur
1271 1771 1344 1855 ipse

182 1879 209 1918 15
228 1877 340 1921 comes
375 1860 410 1921 et
443 1859 479 1921 in
515 1858 673 1922 custodia
707 1858 850 1941 ponitur
884 1858 1035 1940 episcopi
1070 1858 1343 1941 Argentinensis.

228 1945 338 2024 Quem
363 1946 542 2030 episcopus
565 1947 701 2010 rediens
725 1946 768 2009 ab
793 1946 1010 2029 expeditione
1021 1946 1042 2022 ⁵,
1071 1949 1213 2029 accepta
1236 1947 1279 2010 ab
1304 1969 1344 2012 eo

228 2034 389 2098 cautione
412 2056 515 2117 quam
538 2035 702 2118 oportuit,
728 2035 859 2098 dimisit
882 2035 919 2097 in
942 2054 1036 2117 pace.

334 2123 413 2206 Ipso
437 2144 528 2187 anno
553 2122 726 2188 Ouriensis
751 2124 930 2207 episcopus
953 2123 1123 2187 occiditur
1133 2123 1154 2184 ⁶.
1355 2147 1474 2196 (raes).

335 2211 426 2275 Item
459 2212 570 2277 frater
600 2207 781 2276 Odnradus
813 2212 856 2276 de
881 2209 1106 2288 'Martburoh‚
1142 2231 1203 2295 per
1233 2211 1345 2275 multa
1355 2236 1461 2285 (razso).

180 2323 209 2361 20
227 2303 384 2383 tempora
407 2301 517 2364 crucis
541 2300 746 2384 predicator,
778 2321 798 2363 a
822 2300 983 2383 malignis
1013 2300 1210 2364 hominibus
1241 2301 1344 2365 inter·

227 2389 341 2453 fectus
365 2391 425 2452 est.

334 2477 425 2561 Ipsis
454 2478 669 2560 temporibus
699 2477 889 2561 Elysabeth
919 2476 1139 2561 provincialis
1171 2478 1345 2542 comitissa

228 2565 400 2648 Turingie
432 2566 504 2629 filia
532 2567 622 2650 regis
645 2565 828 2649 Unga·rie⁷‚
859 2587 946 2630 uxor
968 2567 1141 2631 deevvici
1171 2567 1343 2649 quondam

228 2655 424 2738 lantgravii,
457 2654 516 2736 qui
539 2655 576 2717 in
605 2655 730 2719 itinere
761 2655 871 2719 erucis
902 2656 994 2738 apud
1017 2652 1240 2719 Brundisium
1272 2656 1345 2719 vita

180 2764 209 2804 es
229 2744 376 2807 decessit
385 2743 406 2816 ⁸,
432 2743 555 2807 mulier
578 2747 699 2808 sancta
712 2747 757 2807 'et
779 2743 950 2827 religiosa,
975 2747 1217 2828 postmortem
1238 2744 1344 2827 signis

228 2834 264 2895 et
288 2831 461 2895 miraculis
485 2831 672 2896 clarescere
696 2832 788 2916 oepit
797 2833 818 2896 ⁹.

334 2921 436 2983 Anno
451 2919 743 2983 MOOXXXIHI.
764 2920 932 3005 Hyemps
949 2921 1089 2985 horrida
1106 2925 1141 2985 et
1157 2922 1345 3004 dampnosa
1356 2927 1433 2981 1234.

227 3008 335 3072 vineis
360 3015 395 3073 et
417 3008 590 3072 fructibus
614 3029 675 3093 per
696 3011 810 3073 totum
835 3009 1034 3072 Ianuarium
1060 3010 1207 3073 duravit.

335 3097 463 3161 Eodem
489 3118 579 3161 anno
596 3098 790 3162 Fridericns
811 3117 923 3162 comes
940 3098 983 3161 de
1000 3097 1136 3162 Pfirrite
1152 3099 1189 3160 in
1206 3097 1448 3180 captivi-1233?

182 3207 209 3247 eo
227 3188 301 3249 tate
324 3186 457 3269 positus
482 3206 502 3249 a
530 3186 623 3249 filioa
649 3187 819 3251 occiditur
828 3184 864 3247 ¹⁰.

228 3356 250 3408 a)
264 3369 278 3396 a
291 3357 337 3397 filio
351 3359 424 3396 eadem
437 3368 502 3396 manu
516 3368 624 3408 supercer.

229 3480 255 3550 1)
283 3481 525 3534 Bdhmer-Fr'clrer
549 3498 593 3536 nr.
612 3483 715 3537 42862.
740 3483 820 3534 illum
845 3487 996 3534 conventum
1023 3497 1109 3534 merse
1133 3483 1213 3534 Iunio
1239 3489 1346 3534 exeunte

228 3552 348 3603 habitum
365 3568 417 3604 ease
428 3554 553 3620 crediditp
561 3555 682 3619 quamvis
694 3553 852 3605 Heinricum
864 3568 950 3605 mense
963 3554 1038 3604 Maio
1050 3552 1200 3618 Heyerrowe
1212 3558 1345 3604 mamalum

227 3638 281 3675 enee
304 3623 447 3690 deplumata
470 3629 568 3675 constet
588 3621 841 3688 (Borma-lucae
864 3641 908 3678 rer.
926 3626 1018 3686 4280).
1109 3622 1136 3692 2)
1164 3622 1280 3675 Ottonem
1298 3623 1346 3685 II;

182 3708 209 3748 at
227 3696 260 3759 cf.
280 3695 435 3758 encyclicam
453 3694 579 3747 Heiare'cr'
595 3696 666 3759 reris
684 3701 779 3746 contra
793 3701 901 3761 patrem
920 3694 990 3760 (LL.
1011 3694 1149 3747 Gereatitet.
1167 3695 1206 3760 II,
1224 3712 1255 3761 p.
1271 3697 1345 3759 431).

228 3765 256 3831 3)
279 3765 321 3827 cf.
339 3781 427 3832 cupra
445 3782 474 3832 p.
495 3768 538 3829 94,
563 3765 579 3820 l.
600 3767 641 3819 12.
664 3766 701 3816 ad
721 3782 748 3816 a.
768 3768 845 3820 1231.
934 3767 963 3833 4)
983 3766 1116 3832 Huqoeo.
1152 3766 1192 3817 De
1204 3765 1347 3833 prioribus

227 3837 378 3886 inimicitiis
396 3838 467 3887 Inter
484 3839 573 3904 ipsum
594 3842 617 3887 et
642 3839 758 3886 cornitem
781 3836 968 3888 Theodericum
986 3836 1037 3890 IV.
1062 3838 1098 3900 cf.
1120 3842 1228 3904 paetum
1253 3837 1346 3888 datum
1378 3863 1382 3869 ·

229 3921 253 3958 a.
275 3907 353 3960 1231.
378 3908 421 3958 die
439 3910 481 3960 12.
501 3908 616 3973 Aprilis,
643 3908 718 3972 apud
740 3907 867 3973 Viellurd,
888 3908 1056 3959 ‘Documents
1077 3913 1101 3959 et
1118 3907 1253 3960 menore
1273 3921 1347 3973 pour

228 3978 314 4028 serem
338 3977 356 4028 d
384 3976 514 4030 Itisteire
538 3978 575 4028 da
599 3978 736 4029 terretor're
762 3978 794 4028 de
818 3977 937 4041 Belfori'
962 3981 1039 4034 1884.
1063 3996 1096 4045 p.
1121 3981 1188 4043 413,
1215 3994 1258 4032 rer.
1285 3981 1346 4033 356.

181 4063 210 4101 40
229 4047 256 4113 5)
273 4047 334 4101 Scil.
353 4048 480 4100 adverm
498 4049 589 4100 durem
607 4047 760 4102 Baworr‘ae.
842 4050 870 4114 6)
892 4048 1053 4100 Bertholdas
1070 4051 1102 4100 de
1120 4050 1287 4113 Helfensteirr
1304 4051 1347 4101 die

228 4120 272 4172 25.
291 4121 388 4169 mercia
406 4120 526 4184 Auyueti
549 4121 705 4184 interfectus
729 4124 775 4173 eat.
881 4117 907 4186 7)
932 4119 1057 4172 Andreae
1081 4120 1120 4174 II.
1147 4126 1170 4171 et
1197 4120 1347 4175 destructis.

228 4187 256 4258 8)
277 4188 318 4254 Cf.
337 4205 424 4256 supra
437 4206 467 4255 p.
481 4192 523 4245 91.
543 4192 579 4241 ad
598 4207 624 4244 a.
638 4192 715 4245 1227.
798 4190 824 4256 9)
846 4187 916 4240 Obiit
934 4191 976 4240 die
996 4192 1037 4245 17.
1049 4191 1205 4243 Novenbrr's
1223 4207 1248 4245 a.
1262 4193 1346 4258 1231;

228 4260 271 4310 die
298 4262 341 4314 27.
367 4261 440 4311 Matr·
466 4276 491 4312 a.
519 4263 595 4316 1235.
623 4263 817 4322 canonizatum·
843 4275 939 4328 corpus
964 4262 1021 4312 aas
1045 4261 1192 4327 Marturyi
1218 4277 1243 4315 a.
1270 4264 1346 4317 1236.

228 4329 271 4380 die
299 4332 322 4384 1.
342 4331 415 4382 Maii
437 4332 600 4383 translatum
625 4339 670 4384 est.
716 4332 757 4394 Cf.
783 4331 878 4382 Wenclc
905 4333 934 4382 in
961 4330 1072 4386 ‘Hister⁸
1096 4331 1254 4397 Zeitsehrr'ft
1278 4333 1346 4388 NF!

182 4415 210 4455 45
230 4400 373 4467 XXXIII,
395 4418 426 4468 p.
444 4404 498 4457 209
509 4418 564 4469 sqq.
665 4399 708 4470 10)
736 4401 880 4454 Udalricue
904 4417 996 4466 eomes,
1021 4405 1141 4469 quumvis
1165 4404 1221 4468 ipse
1243 4408 1348 4471 patrem
