2970 4950
297 1287 327 1345 2.
364 1278 529 1346 NOTAE
549 1278 850 1346 HISTORIOAE
869 1278 1224 1346 ALTORFENSES.

315 1421 418 1488 Coelen
448 1421 502 1503 qui
532 1423 588 1487 sub
611 1443 662 1486 nr.
687 1422 729 1486 Η
738 1427 758 1484 4
788 1421 826 1485 in
856 1421 985 1487 areliuo
1015 1420 1320 1504 Araenlinensi

204 1511 350 1577 Alsotiae
375 1510 780 1591 inferiorisasseraatnr1‚
805 1530 894 1591 quem
916 1510 1031 1575 iterum
1053 1511 1160 1591 eoolai,
1185 1510 1322 1576 continet

205 1599 454 1681 ‘Eulemmidem
476 1598 721 1678 Altdorffensem
750 1619 805 1664 seu
827 1598 1011 1663 relationem
1034 1598 1173 1664 omnium
1195 1619 1276 1682 quae
1299 1621 1320 1665 a

172 1689 310 1770 aprima
331 1688 426 1753 luins
448 1687 634 1752 monasterii
657 1689 701 1753 aol
723 1687 756 1753 S.
788 1686 958 1770 Curiorum
979 1687 1017 1752 in
1039 1687 1188 1767 Altolorff
1204 1688 1320 1768 fundo·

204 1776 286 1842 time
309 1778 365 1841 snt
384 1776 492 1858 quouis
509 1775 599 1841 illins
615 1776 764 1858 praesule
787 1775 928 1841 auriane
949 1776 1177 1857 memorabilia,
1201 1777 1320 1842 ealerrlo

204 1867 243 1930 P.
260 1865 406 1930 Amanoli
425 1867 526 1930 Trans
541 1864 789 1946 Aryentinensis
811 1886 848 1930 ao
871 1864 967 1929 luins
988 1864 1175 1931 monasterii
1192 1867 1320 1948 prestu-

204 1955 263 2019 teri
286 1954 440 2038 professi
471 1977 502 2019 a.
530 1959 623 2017 1748.
656 1953 876 2037 conscriptam.
929 1953 1051 2019 Amator
1080 1954 1125 2018 acl
1152 1953 1320 2018 historiam

203 2043 389 2108 monasterii
411 2043 636 2107 illustrandam
655 2041 756 2108 coelice
774 2041 938 2106 uetustiore
960 2063 1045 2107 nuno
1064 2041 1223 2126 depulito
1243 2063 1320 2107 usus

161 2159 186 2197 ιο
204 2138 257 2214 est,
281 2131 336 2215 qui
359 2133 399 2196 ab
422 2131 477 2196 illo
501 2129 539 2212 (f.
562 2130 619 2213 30)
643 2130 689 2196 sie
711 2129 917 2196 describitur:

311 2223 413 2285 Anno
445 2225 540 2285 1200.
576 2222 752 2285 renovavit
787 2221 843 2284 hic
878 2219 983 2284 abbas
1013 2217 1099 2301 [soil.
1135 2216 1320 2300 Gouraolns]

205 2311 459 2394 Anatolegion²
490 2309 733 2374 Altdorffensis
769 2309 967 2373 monasterii
1001 2329 1075 2387 seu,
1111 2312 1151 2372 ut
1182 2312 1318 2387 vocant,

206 2400 431 2463 mortuarium
461 2398 587 2463 librum
620 2397 752 2462 seilicet
782 2398 979 2462 etiamnunc
1010 2398 1075 2461 hoc
1107 2418 1196 2461 anno
1222 2402 1318 2462 1748.

206 2490 409 2553 existentem
433 2492 468 2552 et
487 2509 528 2552 ex
545 2487 639 2551 foliis
663 2487 910 2571 pergameniois
928 2486 1062 2550 iactum
1085 2486 1216 2551 formae
1240 2506 1320 2569 qua·

162 2601 187 2641 a
207 2578 334 2654 (iratae,
359 2577 396 2639 in
412 2597 479 2659 quo
495 2577 584 2640 libro
601 2576 758 2640 denotati
781 2578 862 2639 sunt
882 2576 953 2640 dies
972 2575 1087 2640 obitus
1104 2576 1319 2659 quorundam

206 2667 308 2730 huius
332 2666 489 2729 asceterii
512 2665 687 2741 abbatum,
718 2665 868 2748 priorum
894 2667 929 2729 et
952 2665 1208 2742 monachorum,
1236 2665 1320 2748 quin

206 2759 241 2819 et
271 2755 503 2818 anniversaria
533 2755 676 2836 antiqua
706 2754 883 2836 multaque
913 2754 982 2817 alia
1008 2756 1133 2817 notatu
1157 2754 1261 2837 digna
1284 2756 1320 2819 et

205 2845 290 2921 iura,
315 2863 402 2926 quae
424 2844 529 2908 hocce
554 2843 799 2907 monasterium
823 2842 1021 2926 possidebat
1038 2843 1141 2907 variis
1164 2842 1202 2906 in
1224 2843 1318 2906 locis.

312 2940 355 3005 A.
387 2939 521 3020 Solrrlte,
551 2939 607 3022 qui
630 2938 758 3021 primus
787 2939 844 3005 loc
873 2958 949 3021 opus
978 2939 1016 3003 P.
1041 2938 1187 3004 Amaurli
1220 2938 1321 3003 Treus

161 3028 342 3098 intenebris
376 3028 519 3093 obrutum
552 3027 708 3093 recensuit
719 3029 740 3108 ⁸,
775 3033 855 3093 recte
891 3027 1050 3093 iudicasse
1084 3025 1165 3091 mili
1197 3026 1321 3090 ridetur

205 3123 298 3183 notas
331 3117 500 3182 historicas
534 3138 563 3181 a.
594 3122 836 3181 naa-1356.
870 3115 908 3180 in
937 3136 971 3181 eo
1001 3115 1161 3197 dispersas
1194 3135 1233 3180 ea
1265 3113 1321 3178 illo

207 3205 414 3288 ‘Anatoleyio'
431 3227 495 3289 per
517 3206 644 3271 saecula
664 3206 815 3288 perducto
833 3204 995 3285 profectas
1017 3224 1091 3268 esse.
1137 3204 1202 3268 Per
1224 3208 1321 3267 totum

206 3294 322 3360 librum
345 3294 429 3360 enim
459 3293 584 3359 iuuenis
613 3292 649 3358 iu
678 3292 783 3358 merlin
812 3291 1001 3357 narratione
1023 3292 1071 3357 nel
1100 3290 1226 3373 saepius
1248 3296 1323 3373 post

206 3385 303 3464 finem
318 3383 456 3465 capitum
471 3388 543 3448 aeto
561 3381 758 3465 sinoulorum
776 3381 923 3446 abbatum
938 3379 1200 3462 complectentium
1216 3381 1321 3445 breues

162 3501 188 3541 a
206 3478 307 3553 notos,
332 3492 411 3554 quae
437 3471 505 3554 ipso
528 3476 703 3536 atramento
726 3492 747 3535 a
771 3468 880 3536 ceteris
902 3468 1152 3552 distinanuntnr.
1203 3466 1321 3550 Quibus

208 3648 234 3713 1)
255 3648 300 3698 Aol
317 3648 451 3712 sequentr'a
470 3647 506 3710 cf.
524 3661 591 3712 quae
609 3645 725 3696 disserui
742 3645 772 3695 in
788 3645 971 3696 commentarii
984 3649 1065 3710 parto
1077 3642 1132 3710 HI,
1151 3641 1245 3710 saul,
1265 3641 1320 3710 ἓ3.

207 3717 234 3787 2)
253 3718 288 3768 Io
306 3724 343 3770 est
361 3715 607 3782 ίΤΙιοιοιοιιοῐοφιόηἶ
688 3717 715 3782 3)
734 3715 925 3781 ‘Mltteiluuoen
943 3715 988 3767 cles
1005 3714 1131 3765 Instituta
1148 3714 1200 3778 far
1219 3713 1321 3765 Ontor-

207 3789 285 3843 reicl.
302 3787 560 3853 Gcselicletsforsclr!
574 3787 624 3846 IV,
639 3802 669 3852 Ρ.
681 3789 831 3842 noa-212.
850 3815 886 3825 -
904 3785 950 3836 En
968 3785 1054 3837 eoalem
1072 3784 1140 3836 libro
1157 3784 1189 3838 P.
1202 3783 1323 3836 Amanus·

207 3861 241 3914 A.
267 3860 371 3912 Schulto
399 3861 416 3914 l.
441 3875 462 3914 c.
491 3866 513 3912 et
542 3857 570 3913 0.
596 3857 820 3924 Hellen-anm
846 3856 894 3911 SS.
920 3856 985 3922 XV,
1008 3872 1038 3923 p.
1063 3858 1115 3912 992
1132 3871 1171 3922 eq.
1198 3856 1322 3907 notitiam

163 3946 189 3985 no
206 3946 271 3985 suec.
291 3930 338 3982 XI
341 3930 371 3984 V.
391 3937 469 3995 (non,
493 3929 685 3995 alluebatur,
711 3944 775 3983 saec.
795 3928 883 3987 XIII)
901 3928 932 3979 olo
956 3928 1080 3994 reliqniis
1104 3942 1122 3978 a
1140 3926 1224 3978 Leone
1244 3941 1322 3993 papa

208 4002 300 4053 allatis
325 4002 479 4062 solidanum
509 4001 594 4052 Trous
618 4015 676 4052 eam
701 4016 734 4051 eu
763 3999 956 4065 Tlranatoloyr'o
980 3998 1025 4063 tol.
1045 3999 1097 4053 50¹.
1122 3999 1322 4064 transsumpsit.

209 4072 454 4124 Commemorontnr
478 4073 517 4124 tln'
539 4070 654 4138 reliquie
679 4112 685 4125 .
713 4112 719 4125 .
746 4112 752 4124 .
779 4086 832 4137 que
850 4085 965 4139 magnus
983 4067 1156 4122 marescallus
1172 4066 1323 4122 Wemerus

208 4141 242 4196 de
260 4143 423 4212 Argenuus,
449 4143 496 4210 qui
517 4141 668 4196 construxit
692 4140 889 4194 monasterium
913 4139 942 4192 in
960 4137 1182 4206 Grienenwerde,
1207 4138 1236 4190 in
1260 4136 1322 4191 uni·

211 4229 290 4266 verso
302 4213 405 4266 mundo
422 4213 525 4266 scilicet
537 4212 656 4282 collegit.
683 4212 827 4264 Wernnus
842 4211 1023 4264 marechalons
1038 4211 1170 4276 fundator
1181 4215 1219 4262 est
1230 4224 1324 4262 mona·

164 4299 189 4340 oc
207 4287 284 4337 sterit
302 4285 329 4340 S.
352 4286 496 4336 Trtnr'tatr‘s
517 4291 595 4337 rutra
616 4299 708 4335 muros
732 4283 760 4335 in
782 4280 889 4352 grfinen
906 4281 997 4336 werde
1014 4285 1063 4334 sttr‘
1079 4285 1125 4348 (cs.
1144 4296 1230 4349 supra
1250 4281 1322 4334 aaut.

208 4357 339 4422 Nectar-9.
359 4358 396 4407 aol
414 4371 438 4410 a.
454 4358 531 4420 1226,
547 4374 575 4423 p.
589 4357 645 4422 91),
664 4355 732 4422 qnod
750 4371 775 4408 a.
790 4356 867 4410 1264.
886 4353 1006 4406 abbatiae
1018 4354 1173 4418 Altorfensi
1189 4351 1322 4405 miluum

208 4433 244 4479 cst
261 4428 308 4494 (cf.
328 4427 528 4494 ‘Strassburaer
547 4426 612 4481 ΠΒ]
631 4426 655 4491 Ι,
671 4442 701 4492 p.
717 4427 791 4486 415).
