2970 4950
245 434 280 487 76
559 428 741 485 suranus
758 428 1051 487 MARBAOENSES.

156 617 235 674 1200.
245 633 435 688 mansurus,
461 615 496 677 et
519 613 639 677 urbem
655 612 900 677 Nirwenburch
924 633 1002 676 cum
1026 612 1312 678 ministerialibus
1331 617 1366 679 et

245 702 458 785 appendiciis
488 702 558 765 suis
589 701 836 786 Argentinensi
870 700 1012 766 ecclesie
1046 701 1084 764 in
1117 702 1365 786 proprietatem

245 790 342 855 dedit
352 789 372 867 ¹,
398 791 544 874 pecunia
566 794 684 854 tamen
708 790 892 854 mediante.
936 788 1051 853 Huius
1075 789 1271 874 exemplum
1294 792 1366 855 imi·

243 879 311 943 tati
344 899 447 962 quam
482 878 598 963 plures
632 878 818 943 nobiliores
853 899 930 942 cum
965 877 1129 942 uxoribus
1169 882 1205 944 et
1246 879 1365 945 liberis

138 988 169 1036 r.
177 989 233 1030 1441.
244 968 364 1051 predia
392 989 454 1031 sua
483 969 672 1032 vendentes
702 970 870 1051 perpetuo
894 964 1049 1031 servicio
1073 968 1184 1032 sancti
1214 968 1394 1052 sepulcris

245 1076 280 1122 se
305 1057 551 1121 devoverunt³.

74 1308 234 1349 cienena.
350 1279 451 1370 Ipsob
480 1307 570 1350 anno
601 1287 676 1350 dati
705 1290 786 1350 sunt
816 1286 953 1351 ordines
976 1285 1134 1351 Basileae
1164 1305 1185 1350 a
1211 1282 1364 1351 Lirtoldo

137 1397 233 1437 aaran.
244 1375 397 1439 eiusdem
421 1374 515 1438 urbis
546 1375 706 1458 episcopo
730 1375 821 1438 1111.
844 1374 934 1439 Non.
959 1375 1092 1438 Marcii.
1145 1372 1214 1453 Qui
1243 1377 1365 1459 postea

148 1485 204 1523 aaut
213 1485 233 1525 s.
243 1463 280 1526 in
303 1463 502 1528 inventione
526 1467 643 1528 sancte
668 1464 777 1528 crucis
802 1483 936 1528 crucem
965 1463 1099 1547 accepit
1128 1483 1206 1528 cum
1237 1484 1364 1549 magno

244 1551 409 1614 abbatum
434 1555 469 1616 et
492 1551 713 1616 reliosorumc
739 1554 890 1616 virorum
914 1552 1092 1616 comitatu.
1382 1574 1406 1613 ro

96 1662 232 1702 aaaron.
353 1635 485 1703 lAnno2
510 1640 651 1704 Domini
676 1634 828 1704 Mucii.
880 1640 1175 1705 Preclarissimus⁰
1203 1641 1364 1725 princeps

155 1727 435 1812 1201.Phylippus
464 1750 600 1792 rursum
631 1730 816 1794 exercitum
850 1729 1015 1812 colligens
1044 1728 1226 1793 Mosellam
1255 1733 1364 1794 trans·

156 1824 232 1878 1206.
243 1817 316 1894 ivit,
342 1815 521 1882 Coloniam
553 1818 698 1896 obsedit,
731 1818 929 1882 Brunonem
962 1819 1160 1901 episcopum
1191 1819 1294 1901 cepit,
1327 1822 1363 1882 et

244 1906 292 1970 sic
316 1906 491 1970 civitatem
512 1910 675 1971 ettotam
692 1907 904 1991 provinciam
923 1907 967 1969 ad
984 1906 1200 1971 dedicionem
1215 1907 1330 1991 coegit
1340 1906 1361 1969 3.

155 2003 233 2057 1205.
244 1995 391 2060 Postea,4
413 1996 622 2079 Aquisgrsni
644 1996 785 2060 veniens
820 2015 897 2058 cum
932 1993 1052 2058 multis
1082 1995 1296 2079 principibus
1325 1996 1363 2058 in
1381 2015 1406 2056 rs

243 2085 323 2148 sede
347 2085 444 2166 regni
471 2078 562 2148 unaf
589 2106 666 2149 cum
698 2084 818 2168 regina
848 2083 938 2148 sedit
973 2103 1012 2146 ac
1044 2083 1168 2148 deinde
1201 2103 1362 2168 prospere

154 2181 232 2236 1207.
243 2174 287 2237 ad
306 2173 445 2257 propria
459 2174 579 2250 rediit;
605 2176 640 2238 et
656 2173 800 2256 negocia
816 2172 910 2255 pacis
929 2172 1020 2236 inter
1035 2193 1160 2256 papam
1176 2176 1212 2237 et
1227 2171 1364 2256 ipsum⁵

243 2282 304 2346 per
327 2262 482 2344 legatos⁶
508 2265 713 2326 tractantur.
762 2260 868 2324 Erat⁷
899 2261 1013 2325 enimi
1040 2260 1106 2324 sibi
1135 2260 1172 2324 in
1202 2261 1363 2326 omnibus

243 2416 265 2466 a)
279 2416 318 2455 hac
331 2416 376 2455 loco
390 2417 485 2455 Annales
498 2417 621 2464 imperiales
634 2416 800 2464 Arpartinenses
813 2416 901 2454 desiisse
914 2415 969 2452 mihi
982 2415 1088 2458 uidentur.
1150 2415 1174 2467 b)
1188 2416 1252 2455 Hanc
1264 2417 1363 2456 notitiam

243 2480 286 2508 non
304 2471 424 2507 annalistae
441 2470 599 2518 Arpentinensi,
618 2471 655 2508 sed
669 2470 744 2518 potins
761 2469 883 2508 ebronistae
898 2467 1077 2516 annumeramus
1097 2469 1257 2508 attribuendam
1276 2479 1321 2508 esse
1340 2471 1364 2508 in
1381 2466 1408 2506 99

244 2524 395 2560 commentario
409 2533 455 2561 area
469 2523 566 2571 exposui.
615 2523 635 2573 c)
650 2524 681 2561 ila
696 2533 714 2561 c.
766 2520 789 2569 d)
803 2523 869 2560 mins
881 2520 971 2560 thOlI.
986 2522 1089 2570 seriptum
1104 2526 1157 2570 mat,
1171 2522 1209 2560 sei
1222 2522 1300 2570 melma
1312 2527 1364 2562 nota

243 2577 327 2613 numeri
341 2585 403 2613 erasa
416 2579 460 2621 est,·
473 2577 502 2621 cs.
516 2588 537 2614 n.
549 2586 568 2615 s.
620 2578 640 2623 e)
655 2575 835 2615 Prsclsrlsslmus
847 2595 870 2604 -·
881 2575 1005 2615 exercitum
1020 2575 1052 2622 (in
1065 2575 1108 2622 tine
1119 2575 1198 2625 lineae)
1208 2575 1231 2614 in
1246 2576 1293 2615 loco
1303 2587 1362 2616 rasa.
1453 2588 1459 2598 ·

242 2629 309 2667 Levia
316 2629 437 2666 litterarum
445 2630 533 2676 restipia
539 2628 679 2676 suspicionem
686 2633 769 2667 nicaeni
778 2629 812 2666 hir
819 2632 881 2667 antea
889 2629 911 2666 in
919 2629 964 2666 laco
972 2639 1022 2666 raso
1029 2629 1116 2666 initium
1123 2629 1235 2668 relationis
1241 2630 1295 2667 anni
1302 2630 1363 2670 1202.

243 2683 346 2729 seriptum
360 2682 440 2726 scrisse:
454 2681 571 2720 chunradi
585 2682 663 2729 argent
678 2682 719 2730 οἷο
734 2683 797 2732 obiit,
812 2682 848 2720 cul
863 2682 884 2720 Η
899 2709 904 2720 .
921 2708 926 2719 .
944 2708 949 2719 .
966 2708 972 2720 .
1043 2681 1060 2732 l)
1075 2692 1120 2720 una
1134 2691 1184 2721 cum
1198 2682 1276 2730 reglna
1290 2683 1364 2721 eadem

243 2745 308 2772 manre
321 2745 428 2781 superser.
483 2735 504 2784 g)
519 2735 590 2773 eadem
605 2746 671 2773 runnu
684 2745 792 2783 superser.
1381 2731 1408 2772 25

244 2841 270 2907 l)
297 2840 423 2892 Castrum
449 2846 473 2892 et
499 2840 592 2892 villam
620 2840 776 2906 ‘Nimburp'
804 2840 967 2892 Bertlaldus
993 2842 1132 2907 episcopus
1158 2841 1364 2906 Arpentinensis

243 2927 315 2963 anno
328 2913 405 2966 1236.
418 2912 558 2966 Friderioo
570 2912 609 2966 11.
629 2913 790 2979 imperatori
806 2914 836 2963 in
854 2912 966 2975 feudum
983 2918 1083 2965 rectum
1101 2915 1235 2976 omressit,
1249 2914 1364 2978 eaceplis

242 2983 463 3034 ministerialibus
488 2984 619 3035 militaris
648 2984 806 3036 conditionis
832 2983 1085 3047 (Bdhmer-Fialcer
1110 2999 1154 3038 nr.
1182 2985 1274 3046 2143).
1323 2984 1364 3035 De

243 3054 286 3106 lis
305 3053 517 3121 possessionibus
541 3055 576 3118 cf.
602 3053 702 3119 Hepcla
725 3054 884 3106 ‘Gesciaiclate
909 3055 957 3106 der
975 3054 1095 3119 Hereope
1119 3069 1170 3106 oon
1194 3052 1363 3120 Zdhrinpen'

240 3142 269 3192 p.
287 3128 341 3180 474
352 3141 390 3192 sq.
409 3127 462 3181 495
474 3141 512 3192 sq.
532 3126 592 3190 (ubi
609 3142 639 3192 p.
658 3127 720 3190 475,
743 3141 770 3179 n.
791 3127 868 3179 1419.
887 3141 941 3177 non
959 3130 1026 3176 recte
1043 3126 1143 3176 dicitur
1160 3127 1189 3175 in
1207 3124 1363 3176 Annalibus
1381 3134 1408 3174 ro

242 3199 342 3249 nostris
367 3196 464 3249 urbem
483 3194 676 3250 Nllwenburch
700 3197 826 3263 appellum
845 3195 1025 3261 ‘Neuenbnrp'
1044 3197 1081 3247 ad
1102 3195 1225 3247 Rhenum
1249 3195 1363 3259 fluvium

242 3271 323 3319 utum
347 3269 513 3334 sipaificare)
537 3273 560 3318 ei
578 3268 667 3332 Frite,
688 3268 757 3318 ‘Das
780 3267 959 3318 Territorinm
983 3269 1029 3318 ales
1047 3267 1168 3318 Bistums
1186 3265 1362 3333 Strassburp'

242 3356 268 3406 p.
288 3341 330 3394 78.
357 3341 408 3393 162
426 3355 482 3406 sqq.
573 3341 602 3406 2)
626 3339 666 3390 De
692 3341 806 3403 confusa
830 3338 913 3390 huius
937 3340 1007 3390 anni
1029 3340 1189 3390 narratione
1213 3338 1250 3401 af.
1275 3353 1363 3404 aspra

238 3410 438 3476 praefationem
457 3416 479 3461 et
504 3410 721 3462 commentarium
745 3425 839 3463 aueum.
929 3409 956 3478 3)
984 3409 1057 3461 Haec
1080 3409 1221 3461 victoriosa
1238 3407 1365 3474 Philippi

243 3482 373 3548 expeditio
396 3497 482 3532 meuse
499 3481 571 3533 Iulio
595 3482 664 3532 anni
685 3482 762 3535 1206.
789 3480 865 3543 faeta
889 3486 944 3541 est,-
969 3481 1066 3532 Bruno
1084 3480 1246 3532 &unimus
1270 3479 1363 3530 arrisi·
1380 3489 1408 3531 st

242 3555 378 3619 episcopus
390 3554 485 3619 —qui
496 3558 588 3604 contra
598 3552 731 3615 Adolfum
740 3550 866 3618 Philippo
879 3559 941 3604 tune
953 3552 1139 3604 adhummtem
1150 3551 1244 3603 eleum
1254 3554 1314 3601 erat
1325 3579 1363 3589 -

242 3624 317 3690 apud
336 3624 513 3689 Wassinburp
531 3628 649 3674 caurum
665 3624 789 3688 capitum
807 3637 892 3675 mense
904 3623 1047 3675 Nouembri
1058 3622 1221 3674 Calontenses
1232 3621 1363 3688 Philippo

241 3698 300 3760 rupi
323 3711 351 3747 se
374 3695 516 3748 subiciunt.
561 3695 603 3758 Cf,
625 3691 864 3745 Bruma-Fater
884 3710 928 3748 nr.
948 3692 1086 3749 lilia-bh.
1129 3693 1201 3745 Sane
1217 3692 1364 3758 Philippus

242 3768 321 3817 etiam
340 3781 411 3817 anuo
425 3768 501 3819 1201.
520 3766 594 3815 cirea
606 3765 745 3816 Mosellam
760 3772 952 3832 pupnarerat;
969 3765 1004 3828 cf.
1020 3764 1215 3828 Winlrelmann,
1232 3761 1362 3830 ‘Philipp'

239 3854 266 3903 p.
281 3839 341 3891 208.
373 3837 474 3901 Nescio,
492 3851 529 3886 an
545 3836 588 3886 hic
603 3836 672 3886 duae
687 3835 748 3886 illae
766 3838 941 3901 expeditiorem
957 3836 1169 3898 cmefundantur.
1223 3833 1252 3900 4)
1268 3832 1362 3888 Falso.
1380 3844 1408 3887 io

242 3907 303 3957 Iam
319 3913 397 3959 autea
410 3922 496 3958 mense
507 3906 641 3956 Ianuario
657 3908 726 3956 anm
739 3909 816 3962 1205.
828 3906 972 3974 Philippus
984 3908 1189 3973 Aquispranum
1201 3905 1362 3970 intraverat,

242 3977 289 4028 uli
306 3979 335 4027 in
354 3978 421 4041 festo
438 3977 597 4044 epiphaniae
614 3976 647 4027 ab
665 3977 764 4041 Adolso
781 3978 976 4044 ar·abiepiscopo
995 3992 1054 4028 cum
1078 3991 1163 4029 uxore
1180 3975 1275 4026 Mar-ia
1300 3989 1363 4027 con·

241 4052 360 4098 sacratus
378 4055 433 4109 est,·
457 4047 493 4110 cf.
512 4046 754 4098 Bitiam-Fictor
771 4065 815 4103 nr.
834 4050 901 4103 894.
992 4048 1019 4116 5)
1046 4047 1118 4110 Quae
1135 4048 1239 4111 nepotis
1264 4051 1363 4098 aaran

242 4119 312 4168 anni
331 4120 407 4172 1207.
426 4119 544 4169 tractari
559 4125 715 4185 coeperunt;
739 4120 774 4183 cf.
795 4120 990 4183 Winlcelmann,
1009 4117 1141 4184 ‘Philipp’
1155 4134 1185 4184 p.
1197 4118 1252 4172 414
1262 4132 1319 4184 sqq.
1337 4121 1363 4167 et

242 4188 349 4253 Hauclr,
369 4188 654 4254 ‘Kircleupesclriclrte’
672 4189 723 4256 IV,
739 4207 768 4256 p,
783 4192 834 4246 719
847 4207 903 4258 sqq.
958 4191 986 4258 6)
1005 4190 1175 4242 Innocentius
1192 4187 1247 4241 ΙΙΙ.
1266 4187 1363 4254 Hupo-
1380 4197 1408 4238 lt

242 4263 328 4313 linum
343 4260 508 4312 cardinalem
524 4261 671 4327 episcopum
686 4259 829 4314 Ostiensem
842 4270 866 4314 et
877 4262 989 4313 Leonem
1002 4260 1163 4313 cardinalem
1173 4259 1363 4326 presbyteram

241 4332 317 4384 tituli
333 4347 355 4386 s.
375 4331 469 4384 Orucis
491 4333 591 4398 lepatos
615 4333 645 4382 in
664 4332 837 4384 Germaniam
860 4335 981 4397 miserat,
1007 4332 1141 4388 adiurnctis
1166 4332 1203 4382 eis
1225 4330 1364 4396 Wolfpero

241 4403 427 4472 Aquilepiensi
442 4407 466 4455 et
483 4402 644 4455 Eberhardo
662 4402 702 4459 ΙΙ.
721 4403 932 4471 Salisburpmsi.
1003 4404 1031 4471 7)
1051 4402 1153 4455 Scilicet
1169 4415 1252 4469 papa.
