2970 4950
116 411 151 464 90
429 403 610 460 ANNALES
628 403 919 461 MARBAOENSES.

115 593 308 673 sperantes;
344 589 435 653 unde
472 591 507 652 et
541 587 679 671 regeml
716 588 811 651 illius
850 588 1086 653 multitudinis
1125 589 1237 653 filium

115 679 228 743 David
253 678 511 762 appellabant&

26 774 105 828 1223.
222 767 324 831 Anno
354 764 590 830 MCOXXIII.
645 764 730 829 Orta
765 769 817 829 est
852 765 1052 848 pestilentia
1085 767 1237 831 maxima

115 877 277 939 pecorum
312 858 347 919 et
381 855 630 931 iumentorum,
666 853 851 937 incipIens,
885 857 925 918 ut
960 853 1154 932 dicebatur,
1192 856 1235 919 ab

115 945 269 1028 Ungaria
293 947 328 1007 et
351 964 411 1027 per
434 962 551 1007 omnes
575 942 768 1025 provincias
791 943 1036 1007 interiacentes
1062 945 1267 1009 transiensc

114 1054 223 1117 usque
253 1033 297 1096 ad
329 1053 407 1108 nos;
439 1052 526 1115 quae
557 1031 661 1094 etiam
694 1032 831 1095 duravit
861 1031 1009 1114 amplius
1040 1051 1143 1113 quam
1175 1054 1236 1117 per

114 1122 335 1186 triennium2.
374 1121 424 1184 Eo
448 1124 602 1203 tempore
625 1119 721 1184 facta
745 1123 797 1184 est
821 1113 987 1203 eclypsisb
1008 1120 1091 1184 lune
1115 1122 1236 1185 statim

114 1211 303 1294 incipiente
327 1230 411 1274 sero.

222 1299 302 1383 Ipso
327 1318 418 1361 anno
439 1297 623 1361 Heinricus
646 1294 825 1380 episcopus
842 1296 1105 1379 Argentinensis
1129 1299 1234 1376 obiit;

115 1388 171 1452 oui
195 1385 429 1450 Bertholdus³
452 1386 626 1450 successit.
673 1385 741 1449 Hic
765 1406 843 1450 cum
868 1388 957 1450 esset
980 1385 1123 1463 iuvenis,
1151 1407 1235 1452 sano
1255 1409 1281 1447 lo

114 1495 248 1559 semper
270 1478 372 1539 utens
395 1474 548 1549 consilio,
572 1475 609 1537 in
633 1474 792 1538 omnibus
815 1475 957 1557 agendis
979 1475 1048 1538 suis
1064 1476 1236 1540 seniorem

114 1585 150 1628 se
173 1564 280 1645 gessit
302 1563 339 1625 in
363 1583 465 1646 opere
490 1567 658 1646 quantum
680 1563 723 1626 ad
740 1566 964 1646 augmentum
982 1583 1042 1628 sue
1058 1563 1234 1649 ecclesiae,

114 1673 215 1735 quam
251 1653 321 1716 suis
358 1652 572 1735 temporibus
610 1651 688 1736 plus
727 1652 853 1715 ditavit
886 1673 989 1735 quam
1027 1672 1146 1717 omnes
1181 1655 1236 1718 sui

115 1745 346 1805 antecessores
355 1741 377 1802 ⁴.
440 1741 485 1804 Et
523 1760 727 1823 quocunque
766 1761 801 1804 se
839 1741 1015 1816 vertebat,
1063 1743 1235 1825 prosperis

114 1829 326 1894 successibus
350 1830 505 1913 pollebat
529 1833 565 1893 et
588 1829 796 1893 monasteria
818 1829 855 1892 in
878 1849 940 1894 suo
964 1830 1136 1914 episcopio
1167 1831 1235 1896 sita
1255 1851 1282 1891 a

114 1920 197 1983 satis
221 1921 371 1983 humane
395 1922 430 1983 et
454 1919 527 1982 sine
550 1938 675 2001 magno
699 1918 897 2001 gravamine
920 1919 1070 2000 protexit
1094 1923 1130 1983 et
1144 1919 1235 1983 fovit

114 2013 218 2092 atque
254 2009 323 2071 suis
353 2008 455 2073 rebus
491 2009 674 2071 contentus
709 2007 779 2070 fuit
814 2009 849 2071 et
882 2007 1011 2071 idcirco
1045 2007 1235 2091 gloriosum

113 2119 238 2162 nornen
262 2097 327 2160 sibi
351 2096 542 2179 acquisivit.

26 2191 104 2246 1225.
221 2188 322 2250 Anno
346 2184 553 2249 MCCXXV.
603 2185 746 2248 Factum
777 2187 830 2248 est
854 2184 1039 2248 concilium
1070 2205 1235 2268 magnum

114 2276 149 2338 in
174 2274 354 2359 Hyspania
378 2275 518 2338 civitate
542 2272 666 2356 Burgis
678 2272 698 2351 ⁵,
724 2274 780 2336 cui
803 2273 935 2356 prefuit
958 2273 1098 2356 quidam
1127 2275 1234 2338 cardi·
1254 2296 1282 2335 ro

113 2364 202 2426 nalis
226 2385 357 2427 summe
383 2367 490 2424 ....⁰
519 2362 655 2446 legatus
682 2363 821 2426 nomine
844 2361 1049 2439 Romanus⁶,
1073 2361 1134 2426 ubi
1157 2383 1234 2428 con-

112 2456 280 2516 venerant
311 2452 575 2535 archiepiscopi,
612 2451 780 2534 episcopi,
820 2450 979 2527 abbates,
1020 2451 1162 2515 comites
1198 2455 1234 2516 et

114 2539 258 2604 barones
282 2540 409 2622 aliique
433 2539 560 2623 prelati
588 2560 692 2624 supra
720 2541 860 2603 modum
890 2539 1002 2602 multi.
1056 2539 1128 2604 Sub
1157 2541 1234 2623 ipso

112 2632 267 2710 tempore
290 2628 455 2712 puerulus
479 2629 618 2711 quidam
642 2627 782 2693 scolaris
805 2628 943 2692 nomine
967 2628 1140 2693 Iohannes
1162 2629 1234 2692 fuit

112 2716 149 2778 in
174 2715 298 2801 Gallya
325 2717 465 2781 civitate
490 2717 689 2793 Senonensi,
722 2717 819 2780 cuius
849 2720 923 2781 etas
952 2720 1037 2781 tunc
1067 2718 1233 2801 temporis
1253 2738 1281 2777 ss

114 2805 381 2888 computabatur
403 2827 474 2869 non
497 2805 644 2889 amplius
668 2827 771 2889 quam
787 2806 838 2869 VI
863 2826 1040 2883 annorum,
1066 2806 1125 2889 qui
1140 2807 1233 2869 tanti

114 2894 293 2958 dicebatur
316 2895 423 2958 fuisse
446 2895 579 2977 ingenii
602 2898 637 2958 et
660 2895 867 2970 litterature,
892 2897 1057 2976 quantam
1079 2895 1173 2978 prius
1190 2895 1232 2959 de

113 2983 253 3048 tantillo
278 3003 383 3067 puero
407 2983 524 3046 nullus
548 3004 583 3047 se
606 2983 764 3047 meminit
788 2983 968 3046 audiuisse.

7 3093 100 3144 mar).
219 3072 300 3156 Ipso
331 3093 421 3136 anno
451 3071 658 3137 venerabilis
687 3072 740 3135 vir
763 3071 993 3155 Engelbertus
1018 3070 1233 3136 Coloniensis

113 3162 391 3246 archiepiscopus
415 3183 435 3224 a
459 3161 606 3243 quodam
632 3160 757 3225 comite
783 3161 956 3225 Friderico
980 3161 1022 3225 dc
1046 3160 1232 3225 Isinburch
1251 3181 1281 3220 co

113 3252 368 3334 consanguineo
392 3271 454 3314 suo
477 3249 720 3313 fraudulenter
750 3252 802 3312 est
832 3250 974 3313 occisus·
1021 3249 1233 3314 Interfector

23 3346 101 3401 1226.
112 3343 229 3404 autem
275 3341 494 3423 postmodum
540 3359 561 3402 a
606 3338 738 3402 civibus
777 3337 920 3402 Oolonie
966 3339 1232 3422 comprehensus

112 3429 316 3511 crurifragio
340 3429 483 3512 punitus
507 3431 559 3492 est
571 3426 590 3488 ⁷.

111 3564 133 3616 a)
148 3566 204 3608 Ann.
213 3566 368 3604 dolosarum
382 3567 475 3604 minores
484 3565 532 3610 (ss.
541 3565 567 3603 X
568 3563 620 3613 VII,
631 3575 656 3612 p.
668 3563 717 3612 189)
731 3564 760 3602 aa
774 3575 793 3605 α.
805 3562 857 3603 1221
871 3564 928 3611 (loro
939 3563 1000 3612 1222)
1013 3567 1128 3603 annotant:
1142 3565 1232 3604 Tartari

112 3619 233 3666 Ungariam
248 3623 402 3660 vastaverunt.
425 3619 494 3657 Falco
508 3618 577 3657 abbas
586 3617 738 3656 Marbacensis
749 3618 811 3657 obiit.
836 3617 898 3655 Hanc
911 3617 938 3654 dc
946 3620 1014 3655 morte
1022 3617 1123 3656 Falconis
1132 3619 1232 3656 notitiam
1251 3616 1280 3656 ³6
1336 3651 1339 3656 .

111 3683 125 3710 a
134 3673 271 3719 plenioribus
285 3683 349 3722 quam
365 3672 436 3711 adhuc
451 3673 542 3710 uncatis
554 3670 676 3709 Annalibus
689 3670 865 3709 Marbacansr'bus
878 3671 1013 3718 repetendam
1027 3680 1071 3709 ecee
1083 3681 1126 3709 non
1145 3672 1232 3710 omnino

110 3725 190 3772 reici05
203 3727 231 3771 cs.
248 3736 317 3773 supra
331 3726 360 3764 ad
374 3737 395 3764 a.
407 3725 466 3763 1214.
477 3736 503 3772 p.
514 3725 547 3774 86,
560 3737 582 3763 n.
593 3734 613 3762 e.
669 3722 693 3775 b)
706 3724 790 3774 elypsls
804 3735 821 3766 c.
879 3723 900 3774 c)
915 3723 977 3763 eume
991 3724 1078 3771 legatus
1092 3735 1125 3771 c.,·
1138 3725 1233 3772 sortasse

111 3789 196 3817 summe
210 3776 270 3818 sedis
285 3780 407 3827 apostolice
422 3779 509 3825 legatus
522 3778 604 3816 emam.

111 3883 139 3950 1)
164 3884 430 3950 Drebinyir·Kbcn.
520 3883 548 3953 2)
576 3885 616 3949 Cf.
644 3883 838 3948 Ourarbmana,
858 3884 1053 3949 ‘Hunpersndte
1074 3887 1112 3934 im
1129 3883 1231 3935 Misel-

110 3955 193 4005 αἰψ’
208 3971 238 4020 p.
259 3958 311 4010 168
322 3971 378 4021 sqq.
450 3955 478 4022 3)
503 3956 542 4007 De
566 3955 641 4009 Taele.
675 3955 716 4011 W.
787 3954 816 4023 4)
839 3955 879 4019 Os.
900 3954 999 4010 Cbron.
1017 3954 1232 4006 Eberslwimense
1249 3971 1279 4009 ro

110 4042 131 4078 e.
149 4027 185 4079 40
210 4026 271 4090 (SS.
290 4024 403 4089 XXIII,
424 4042 455 4091 p.
474 4028 548 4086 452).
627 4025 654 4095 5)
674 4026 820 4078 Caudium
838 4027 910 4077 istud
928 4040 982 4077 non
1006 4027 1081 4091 apud
1101 4025 1229 4090 ‘Burgus'

108 4094 270 4161 prcniae,
289 4098 333 4148 sed
352 4097 426 4162 apud
440 4095 583 4162 ‘Bourpec'
595 4097 838 4162 Francoyallorum
855 4099 986 4148 civitatem
1004 4097 1164 4148 celebratum
1176 4101 1231 4157 cst:

109 4168 143 4231 cf.
160 4166 263 4233 Hefele,
279 4167 579 4232 ‘Concilieapeccbr'cbte'
594 4168 643 4232 11²,
657 4185 687 4234 p.
701 4169 762 4222 932.
832 4166 859 4235 6)
874 4167 1030 4220 Cardinalis
1044 4170 1174 4220 diaconus
1189 4171 1229 4221 tit.

108 4253 130 4292 s.
145 4238 249 4303 Angeli.
318 4238 344 4307 7)
363 4238 522 4291 Fridcrieus
533 4241 565 4290 de
578 4239 721 4291 Isinburch
740 4244 869 4290 auturnrw
887 4240 955 4290 anni
968 4241 1044 4293 1226.
1063 4255 1081 4291 a
1094 4239 1231 4290 Bolduino

109 4308 190 4360 made
207 4310 239 4360 de
259 4309 368 4374 Gerwfia
385 4311 459 4376 apud
477 4310 586 4375 Hopum
604 4315 706 4377 captus,
727 4310 926 4362 Coloniensibuc
946 4311 1120 4361 venumdatur
1144 4325 1231 4360 mace
1248 4325 1278 4365 so

94 4381 252 4432 *Nouembri
269 4383 299 4432 in
317 4387 379 4432 rota
395 4383 501 4448 positus
518 4385 563 4435 est.
