<?xml version="1.0" encoding="UTF-8"?>
<!DOCTYPE html PUBLIC "-//W3C//DTD XHTML 1.0 Transitional//EN"
    "http://www.w3.org/TR/xhtml1/DTD/xhtml1-transitional.dtd">
<html xmlns="http://www.w3.org/1999/xhtml" xml:lang="en" lang="en">
 <head>
  <title>
</title>
<meta http-equiv="Content-Type" content="text/html;charset=utf-8" />
  <meta name='ocr-system' content='tesseract 3.04.00' />
  <meta name='ocr-capabilities' content='ocr_page ocr_carea ocr_par ocr_line ocrx_word'/>
</head>
<body>
  <div class='ocr_page' id='page_1' title='image "./annalesmarbacen00blocgoog_0069.png"; bbox 0 0 2970 4950; ppageno 0'>
   <div class='ocr_carea' id='block_1_1' title="bbox 160 364 967 438">
    <p class='ocr_par' dir='ltr' id='par_1_1' title="bbox 160 364 967 438">
     <span class='ocr_line' id='line_1_1' title="bbox 160 364 967 438; baseline -0.002 -14"><span class='ocrx_word' id='word_1_1' title='bbox 160 371 196 424; x_wconf 85' lang='lat'>40</span> <span class='ocrx_word' id='word_1_2' title='bbox 476 364 658 421; x_wconf 77' lang='lat' dir='ltr'><strong>ANNALES</strong></span> <span class='ocrx_word' id='word_1_3' title='bbox 676 365 967 438; x_wconf 70' lang='lat' dir='ltr'>MARBAGDNSES.</span> 
     </span>
    </p>
   </div>
   <div class='ocr_carea' id='block_1_2' title="bbox 14 548 1285 860">
    <p class='ocr_par' dir='ltr' id='par_1_2' title="bbox 269 548 1285 631">
     <span class='ocr_line' id='line_1_2' title="bbox 269 548 1285 631; baseline -0.001 -18"><span class='ocrx_word' id='word_1_4' title='bbox 269 551 371 613; x_wconf 85' lang='lat' dir='ltr'>Anno</span> <span class='ocrx_word' id='word_1_5' title='bbox 388 549 529 613; x_wconf 84' lang='lat' dir='ltr'><strong>Domini</strong></span> <span class='ocrx_word' id='word_1_6' title='bbox 544 548 620 613; x_wconf 80' lang='grc' dir='ltr'>ΜΟ.</span> <span class='ocrx_word' id='word_1_7' title='bbox 657 555 754 613; x_wconf 87' lang='lat' dir='ltr'>Facta</span> <span class='ocrx_word' id='word_1_8' title='bbox 776 559 826 613; x_wconf 87' lang='lat' dir='ltr'>est</span> <span class='ocrx_word' id='word_1_9' title='bbox 848 555 949 614; x_wconf 77' lang='lat' dir='ltr'>tames</span> <span class='ocrx_word' id='word_1_10' title='bbox 974 554 1227 631; x_wconf 86' lang='lat' dir='ltr'>incomparabilis</span> <span class='ocrx_word' id='word_1_11' title='bbox 1251 554 1285 612; x_wconf 89' lang='lat' dir='ltr'>et</span> 
     </span>
    </p>

    <p class='ocr_par' dir='ltr' id='par_1_3' title="bbox 14 637 1284 860">
     <span class='ocr_line' id='line_1_3' title="bbox 161 637 549 703; baseline -0.008 0"><span class='ocrx_word' id='word_1_12' title='bbox 161 645 338 703; x_wconf 74' lang='lat' dir='ltr'><strong>mortalitas</strong></span> <span class='ocrx_word' id='word_1_13' title='bbox 362 644 518 701; x_wconf 88' lang='lat' dir='ltr'>horribilis</span> <span class='ocrx_word' id='word_1_14' title='bbox 529 637 549 700; x_wconf 69' lang='lat'>1.</span> 
     </span>
     <span class='ocr_line' id='line_1_4' title="bbox 14 720 1284 790; baseline 0.001 -18"><span class='ocrx_word' id='word_1_15' title='bbox 14 734 80 776; x_wconf 74' lang='lat' dir='ltr'>sem.</span> <span class='ocrx_word' id='word_1_16' title='bbox 91 733 151 774; x_wconf 85' lang='lat'><strong>1100.</strong></span> <span class='ocrx_word' id='word_1_17' title='bbox 269 721 335 776; x_wconf 88' lang='lat' dir='ltr'>Otto</span> <span class='ocrx_word' id='word_1_18' title='bbox 355 737 494 789; x_wconf 87' lang='lat' dir='ltr'>quoquc</span> <span class='ocrx_word' id='word_1_19' title='bbox 510 722 797 790; x_wconf 84' lang='lat' dir='ltr'>Argentinensis</span> <span class='ocrx_word' id='word_1_20' title='bbox 816 721 990 788; x_wconf 78' lang='lat' dir='ltr'><strong>scismaticus,</strong></span> <span class='ocrx_word' id='word_1_21' title='bbox 1009 721 1044 775; x_wconf 89' lang='lat' dir='ltr'>de</span> <span class='ocrx_word' id='word_1_22' title='bbox 1062 720 1284 776; x_wconf 80' lang='lat' dir='ltr'>ierosolimitano</span> 
     </span>
     <span class='ocr_line' id='line_1_5' title="bbox 160 791 1284 860; baseline -0.003 -13"><span class='ocrx_word' id='word_1_23' title='bbox 160 794 259 847; x_wconf 89' lang='lat' dir='ltr'>itinere</span> <span class='ocrx_word' id='word_1_24' title='bbox 280 810 412 860; x_wconf 86' lang='lat' dir='ltr'>reversus,</span> <span class='ocrx_word' id='word_1_25' title='bbox 432 791 480 846; x_wconf 92' lang='lat' dir='ltr'>sed</span> <span class='ocrx_word' id='word_1_26' title='bbox 498 791 532 846; x_wconf 91' lang='lat' dir='ltr'>de</span> <span class='ocrx_word' id='word_1_27' title='bbox 551 792 684 858; x_wconf 75' lang='lat' dir='ltr'>scismate,</span> <span class='ocrx_word' id='word_1_28' title='bbox 704 795 735 844; x_wconf 91' lang='lat' dir='ltr'>ut</span> <span class='ocrx_word' id='word_1_29' title='bbox 752 792 910 860; x_wconf 88' lang='lat' dir='ltr'>putabatur,</span> <span class='ocrx_word' id='word_1_30' title='bbox 936 809 992 845; x_wconf 92' lang='lat' dir='ltr'>non</span> <span class='ocrx_word' id='word_1_31' title='bbox 1014 792 1182 859; x_wconf 87' lang='lat' dir='ltr'>emendatus,</span> <span class='ocrx_word' id='word_1_32' title='bbox 1208 791 1284 845; x_wconf 90' lang='lat' dir='ltr'>diem</span> 
     </span>
    </p>
   </div>
   <div class='ocr_carea' id='block_1_3' title="bbox 15 867 1330 1471">
    <p class='ocr_par' dir='ltr' id='par_1_4' title="bbox 15 867 1330 1471">
     <span class='ocr_line' id='line_1_6' title="bbox 74 867 1317 948; baseline -0.006 -8"><span class='ocrx_word' id='word_1_33' title='bbox 74 885 151 940; x_wconf 86' lang='lat'>1100.</span> <span class='ocrx_word' id='word_1_34' title='bbox 162 882 260 941; x_wconf 81' lang='lat' dir='ltr'>elausit</span> <span class='ocrx_word' id='word_1_35' title='bbox 276 880 459 948; x_wconf 80' lang='lat' dir='ltr'>extremum²;</span> <span class='ocrx_word' id='word_1_36' title='bbox 480 868 536 933; x_wconf 88' lang='lat' dir='ltr'>cui</span> <span class='ocrx_word' id='word_1_37' title='bbox 552 867 771 933; x_wconf 86' lang='lat' dir='ltr'>Baldewinus</span> <span class='ocrx_word' id='word_1_38' title='bbox 779 868 840 932; x_wconf 89' lang='lat' dir='ltr'>VI.</span> <span class='ocrx_word' id='word_1_39' title='bbox 858 872 996 932; x_wconf 87' lang='lat' dir='ltr'>tantum</span> <span class='ocrx_word' id='word_1_40' title='bbox 1012 870 1165 934; x_wconf 88' lang='lat' dir='ltr'>victurus</span> <span class='ocrx_word' id='word_1_41' title='bbox 1182 867 1283 933; x_wconf 89' lang='lat' dir='ltr'>ebdo·</span> <span class='ocrx_word' id='word_1_42' title='bbox 1303 893 1317 932; x_wconf 81' lang='lat' dir='ltr'>r</span> 
     </span>
     <span class='ocr_line' id='line_1_7' title="bbox 162 956 1283 1041; baseline -0.003 -19"><span class='ocrx_word' id='word_1_43' title='bbox 162 956 483 1022; x_wconf 86' lang='lat' dir='ltr'>madamsuccessit.</span> <span class='ocrx_word' id='word_1_44' title='bbox 505 956 1283 1041; x_wconf 80' lang='lat' dir='ltr'>OuieodemannoOtnoepiscopussuccessit.</span> 
     </span>
     <span class='ocr_line' id='line_1_8' title="bbox 20 1050 1284 1127; baseline 0 -19"><span class='ocrx_word' id='word_1_45' title='bbox 20 1070 152 1110; x_wconf 70' lang='lat' dir='ltr'>rounam,</span> <span class='ocrx_word' id='word_1_46' title='bbox 269 1054 363 1109; x_wconf 91' lang='lat' dir='ltr'>Anno</span> <span class='ocrx_word' id='word_1_47' title='bbox 386 1051 514 1108; x_wconf 87' lang='lat' dir='ltr'>Domini</span> <span class='ocrx_word' id='word_1_48' title='bbox 537 1050 634 1109; x_wconf 83' lang='lat' dir='ltr'><strong>MOV.</strong></span> <span class='ocrx_word' id='word_1_49' title='bbox 682 1052 821 1108; x_wconf 80' lang='lat' dir='ltr'>Ecclesia</span> <span class='ocrx_word' id='word_1_50' title='bbox 844 1069 862 1108; x_wconf 91' lang='lat' dir='ltr'>a</span> <span class='ocrx_word' id='word_1_51' title='bbox 885 1052 1068 1109; x_wconf 88' lang='lat' dir='ltr'>Bnrchardo</span> <span class='ocrx_word' id='word_1_52' title='bbox 1091 1052 1193 1127; x_wconf 89' lang='lat' dir='ltr'>primo</span> <span class='ocrx_word' id='word_1_53' title='bbox 1212 1051 1284 1108; x_wconf 83' lang='lat' dir='ltr'>fun·</span> 
     </span>
     <span class='ocr_line' id='line_1_9' title="bbox 162 1140 1330 1211; baseline -0.002 -11"><span class='ocrx_word' id='word_1_54' title='bbox 162 1144 238 1200; x_wconf 87' lang='lat' dir='ltr'>data</span> <span class='ocrx_word' id='word_1_55' title='bbox 261 1141 408 1198; x_wconf 84' lang='lat' dir='ltr'>Marbaco</span> <span class='ocrx_word' id='word_1_56' title='bbox 432 1140 578 1197; x_wconf 85' lang='lat' dir='ltr'>dedicata</span> <span class='ocrx_word' id='word_1_57' title='bbox 605 1143 654 1197; x_wconf 89' lang='lat' dir='ltr'>est</span> <span class='ocrx_word' id='word_1_58' title='bbox 684 1158 702 1197; x_wconf 91' lang='lat' dir='ltr'>a</span> <span class='ocrx_word' id='word_1_59' title='bbox 725 1141 896 1198; x_wconf 84' lang='lat' dir='ltr'>venerabili</span> <span class='ocrx_word' id='word_1_60' title='bbox 920 1140 1106 1199; x_wconf 86' lang='lat' dir='ltr'>Gebehardo</span> <span class='ocrx_word' id='word_1_61' title='bbox 1131 1140 1284 1199; x_wconf 83' lang='lat' dir='ltr'>Constan·</span> <span class='ocrx_word' id='word_1_62' title='bbox 1327 1197 1330 1211; x_wconf 25' lang='lat' dir='ltr'>J</span> 
     </span>
     <span class='ocr_line' id='line_1_10' title="bbox 162 1228 1113 1305; baseline -0.002 -16"><span class='ocrx_word' id='word_1_63' title='bbox 162 1231 258 1289; x_wconf 90' lang='lat' dir='ltr'>tiensi</span> <span class='ocrx_word' id='word_1_64' title='bbox 281 1231 427 1304; x_wconf 89' lang='lat' dir='ltr'>episcopo</span> <span class='ocrx_word' id='word_1_65' title='bbox 450 1229 483 1284; x_wconf 92' lang='lat' dir='ltr'>in</span> <span class='ocrx_word' id='word_1_66' title='bbox 506 1228 624 1286; x_wconf 81' lang='lat' dir='ltr'>honore</span> <span class='ocrx_word' id='word_1_67' title='bbox 648 1230 750 1286; x_wconf 86' lang='lat' dir='ltr'>sanct-i</span> <span class='ocrx_word' id='word_1_68' title='bbox 773 1230 945 1304; x_wconf 73' lang='lat' dir='ltr'><strong>Augustini</strong></span> <span class='ocrx_word' id='word_1_69' title='bbox 968 1231 1113 1305; x_wconf 85' lang='lat' dir='ltr'>episcopi.</span> 
     </span>
     <span class='ocr_line' id='line_1_11' title="bbox 74 1298 1329 1392; baseline -0.002 -18"><span class='ocrx_word' id='word_1_70' title='bbox 74 1298 152 1355; x_wconf 66' lang='lat'>11⁰6·</span> <span class='ocrx_word' id='word_1_71' title='bbox 270 1312 372 1375; x_wconf 86' lang='lat' dir='ltr'>Anno</span> <span class='ocrx_word' id='word_1_72' title='bbox 389 1311 531 1375; x_wconf 82' lang='lat' dir='ltr'>Domini</span> <span class='ocrx_word' id='word_1_73' title='bbox 547 1309 692 1374; x_wconf 60' lang='lat' dir='ltr'><strong>MOVN</strong></span> <span class='ocrx_word' id='word_1_74' title='bbox 725 1322 881 1392; x_wconf 76' lang='lat' dir='ltr'>Imperator</span> <span class='ocrx_word' id='word_1_75' title='bbox 899 1323 973 1391; x_wconf 90' lang='lat' dir='ltr'>apud</span> <span class='ocrx_word' id='word_1_76' title='bbox 988 1323 1124 1377; x_wconf 88' lang='lat' dir='ltr'>Leodium</span> <span class='ocrx_word' id='word_1_77' title='bbox 1143 1323 1284 1376; x_wconf 87' lang='lat' dir='ltr'>defunc·</span> <span class='ocrx_word' id='word_1_78' title='bbox 1304 1333 1329 1372; x_wconf 91' lang='lat'>10</span> 
     </span>
     <span class='ocr_line' id='line_1_12' title="bbox 15 1370 1285 1471; baseline -0.002 -22"><span class='ocrx_word' id='word_1_79' title='bbox 15 1370 227 1471; x_wconf 52' lang='grc' dir='ltr'>θἭΜἪιε,</span> <span class='ocrx_word' id='word_1_80' title='bbox 247 1411 345 1462; x_wconf 89' lang='lat' dir='ltr'>corpus</span> <span class='ocrx_word' id='word_1_81' title='bbox 365 1393 422 1447; x_wconf 90' lang='lat' dir='ltr'>eius</span> <span class='ocrx_word' id='word_1_82' title='bbox 440 1394 469 1446; x_wconf 92' lang='lat' dir='ltr'>in</span> <span class='ocrx_word' id='word_1_83' title='bbox 487 1392 630 1461; x_wconf 83' lang='lat' dir='ltr'>Spiream</span> <span class='ocrx_word' id='word_1_84' title='bbox 656 1395 793 1448; x_wconf 87' lang='lat' dir='ltr'>civitatem</span> <span class='ocrx_word' id='word_1_85' title='bbox 813 1394 974 1463; x_wconf 87' lang='lat' dir='ltr'>deportatur</span> <span class='ocrx_word' id='word_1_86' title='bbox 999 1395 1090 1463; x_wconf 84' lang='lat' dir='ltr'>ibique</span> <span class='ocrx_word' id='word_1_87' title='bbox 1115 1395 1143 1447; x_wconf 91' lang='lat' dir='ltr'>in</span> <span class='ocrx_word' id='word_1_88' title='bbox 1170 1394 1285 1448; x_wconf 88' lang='lat' dir='ltr'>ecclesia</span> 
     </span>
    </p>
   </div>
   <div class='ocr_carea' id='block_1_4' title="bbox 58 1464 1287 1606">
    <p class='ocr_par' dir='ltr' id='par_1_5' title="bbox 58 1464 1287 1606">
     <span class='ocr_line' id='line_1_13' title="bbox 58 1464 1285 1535; baseline 0.003 -21"><span class='ocrx_word' id='word_1_89' title='bbox 58 1469 288 1523; x_wconf 64' lang='lat' dir='ltr'>*preotsanete</span> <span class='ocrx_word' id='word_1_90' title='bbox 313 1465 365 1519; x_wconf 91' lang='lat' dir='ltr'>Dei</span> <span class='ocrx_word' id='word_1_91' title='bbox 389 1464 537 1534; x_wconf 85' lang='lat' dir='ltr'>genitricis,</span> <span class='ocrx_word' id='word_1_92' title='bbox 564 1482 646 1532; x_wconf 89' lang='lat' dir='ltr'>quam</span> <span class='ocrx_word' id='word_1_93' title='bbox 672 1465 730 1535; x_wconf 90' lang='lat' dir='ltr'>ipse</span> <span class='ocrx_word' id='word_1_94' title='bbox 756 1465 826 1518; x_wconf 89' lang='lat' dir='ltr'>miro</span> <span class='ocrx_word' id='word_1_95' title='bbox 853 1469 880 1519; x_wconf 90' lang='lat' dir='ltr'>et</span> <span class='ocrx_word' id='word_1_96' title='bbox 906 1464 1067 1533; x_wconf 83' lang='lat' dir='ltr'>arteficioso,</span> <span class='ocrx_word' id='word_1_97' title='bbox 1092 1465 1162 1519; x_wconf 91' lang='lat' dir='ltr'>sicut</span> <span class='ocrx_word' id='word_1_98' title='bbox 1188 1464 1285 1518; x_wconf 82' lang='lat' dir='ltr'>*hodie</span> 
     </span>
     <span class='ocr_line' id='line_1_14' title="bbox 163 1535 1287 1606; baseline -0.003 -14"><span class='ocrx_word' id='word_1_99' title='bbox 163 1536 292 1604; x_wconf 85' lang='lat' dir='ltr'>cernitur,</span> <span class='ocrx_word' id='word_1_100' title='bbox 322 1538 513 1589; x_wconf 73' lang='lat' dir='ltr'>construxerat</span> <span class='ocrx_word' id='word_1_101' title='bbox 538 1553 629 1604; x_wconf 83' lang='lat' dir='ltr'>opere,</span> <span class='ocrx_word' id='word_1_102' title='bbox 654 1536 731 1589; x_wconf 88' lang='lat' dir='ltr'>iuxta</span> <span class='ocrx_word' id='word_1_103' title='bbox 755 1540 864 1604; x_wconf 88' lang='lat' dir='ltr'>patrem</span> <span class='ocrx_word' id='word_1_104' title='bbox 892 1554 1027 1605; x_wconf 88' lang='lat' dir='ltr'>avumque</span> <span class='ocrx_word' id='word_1_105' title='bbox 1052 1537 1183 1606; x_wconf 85' lang='lat' dir='ltr'>sepelitur</span> <span class='ocrx_word' id='word_1_106' title='bbox 1208 1535 1287 1590; x_wconf 91' lang='lat' dir='ltr'>cultu</span> 
     </span>
    </p>
   </div>
   <div class='ocr_carea' id='block_1_5' title="bbox 163 1619 1330 1907">
    <p class='ocr_par' dir='ltr' id='par_1_6' title="bbox 163 1619 1330 1907">
     <span class='ocr_line' id='line_1_15' title="bbox 163 1619 1285 1694; baseline 0 -16"><span class='ocrx_word' id='word_1_107' title='bbox 163 1624 255 1694; x_wconf 81' lang='lat' dir='ltr'>regi03</span> <span class='ocrx_word' id='word_1_108' title='bbox 286 1621 318 1675; x_wconf 90' lang='lat' dir='ltr'>et</span> <span class='ocrx_word' id='word_1_109' title='bbox 347 1619 533 1675; x_wconf 90' lang='lat' dir='ltr'>diuturnum</span> <span class='ocrx_word' id='word_1_110' title='bbox 561 1620 677 1676; x_wconf 90' lang='lat' dir='ltr'>scisma</span> <span class='ocrx_word' id='word_1_111' title='bbox 706 1619 802 1675; x_wconf 88' lang='lat' dir='ltr'>finem</span> <span class='ocrx_word' id='word_1_112' title='bbox 833 1621 963 1694; x_wconf 86' lang='lat' dir='ltr'>accepit.</span> <span class='ocrx_word' id='word_1_113' title='bbox 1014 1624 1161 1678; x_wconf 84' lang='lat' dir='ltr'>Heinricus</span> <span class='ocrx_word' id='word_1_114' title='bbox 1190 1641 1285 1680; x_wconf 85' lang='lat' dir='ltr'>vero</span> 
     </span>
     <span class='ocr_line' id='line_1_16' title="bbox 163 1695 1330 1765; baseline -0.003 -17"><span class='ocrx_word' id='word_1_115' title='bbox 163 1695 337 1748; x_wconf 89' lang='lat' dir='ltr'>filiuseius</span> <span class='ocrx_word' id='word_1_116' title='bbox 359 1696 430 1749; x_wconf 90' lang='lat' dir='ltr'>iarn</span> <span class='ocrx_word' id='word_1_117' title='bbox 453 1695 605 1765; x_wconf 87' lang='lat' dir='ltr'>pridem</span> <span class='ocrx_word' id='word_1_118' title='bbox 628 1714 644 1749; x_wconf 87' lang='lat' dir='ltr'>a</span> <span class='ocrx_word' id='word_1_119' title='bbox 666 1695 924 1765; x_wconf 88' lang='lat' dir='ltr'>principibus</span> <span class='ocrx_word' id='word_1_120' title='bbox 947 1699 1163 1749; x_wconf 87' lang='lat' dir='ltr'>coronatus</span> <span class='ocrx_word' id='word_1_121' title='bbox 1186 1698 1223 1748; x_wconf 90' lang='lat' dir='ltr'>et</span> <span class='ocrx_word' id='word_1_122' title='bbox 1247 1695 1285 1747; x_wconf 92' lang='lat' dir='ltr'>in</span> <span class='ocrx_word' id='word_1_123' title='bbox 1305 1704 1330 1744; x_wconf 77' lang='lat'>1⁶</span> 
     </span>
     <span class='ocr_line' id='line_1_17' title="bbox 163 1765 1285 1836; baseline -0.001 -17"><span class='ocrx_word' id='word_1_124' title='bbox 163 1783 284 1836; x_wconf 81' lang='lat' dir='ltr'>regno</span> <span class='ocrx_word' id='word_1_125' title='bbox 312 1765 599 1835; x_wconf 59' lang='lat' dir='ltr'>confortatust,</span> <span class='ocrx_word' id='word_1_126' title='bbox 627 1768 690 1835; x_wconf 89' lang='lat' dir='ltr'>qui</span> <span class='ocrx_word' id='word_1_127' title='bbox 718 1767 835 1820; x_wconf 87' lang='lat' dir='ltr'>etiam</span> <span class='ocrx_word' id='word_1_128' title='bbox 866 1771 1017 1836; x_wconf 89' lang='lat' dir='ltr'>patrem</span> <span class='ocrx_word' id='word_1_129' title='bbox 1046 1770 1285 1835; x_wconf 89' lang='lat' dir='ltr'>persecutus</span> 
     </span>
     <span class='ocr_line' id='line_1_18' title="bbox 164 1838 494 1907; baseline 0.003 -17"><span class='ocrx_word' id='word_1_130' title='bbox 164 1840 263 1905; x_wconf 87' lang='lat' dir='ltr'>erat,</span> <span class='ocrx_word' id='word_1_131' title='bbox 290 1838 494 1907; x_wconf 76' lang='lat' dir='ltr'>regnabat.</span> 
     </span>
    </p>
   </div>
   <div class='ocr_carea' id='block_1_6' title="bbox 22 1913 1286 2067">
    <p class='ocr_par' dir='ltr' id='par_1_7' title="bbox 22 1913 1286 2067">
     <span class='ocr_line' id='line_1_19' title="bbox 270 1913 1110 1995; baseline 0 -19"><span class='ocrx_word' id='word_1_132' title='bbox 270 1920 378 1977; x_wconf 87' lang='lat' dir='ltr'>Altero</span> <span class='ocrx_word' id='word_1_133' title='bbox 401 1937 485 1977; x_wconf 88' lang='lat' dir='ltr'>anno</span> <span class='ocrx_word' id='word_1_134' title='bbox 508 1923 591 1978; x_wconf 88' lang='lat' dir='ltr'>terre</span> <span class='ocrx_word' id='word_1_135' title='bbox 614 1924 720 1978; x_wconf 90' lang='lat' dir='ltr'>motus</span> <span class='ocrx_word' id='word_1_136' title='bbox 744 1921 848 1977; x_wconf 81' lang='lat' dir='ltr'>iactus</span> <span class='ocrx_word' id='word_1_137' title='bbox 872 1923 922 1977; x_wconf 90' lang='lat' dir='ltr'>est</span> <span class='ocrx_word' id='word_1_138' title='bbox 944 1937 1080 1995; x_wconf 83' lang='lat' dir='ltr'>magnus</span> <span class='ocrx_word' id='word_1_139' title='bbox 1090 1913 1110 1976; x_wconf 78' lang='lat'>1.</span> 
     </span>
     <span class='ocr_line' id='line_1_20' title="bbox 22 2001 1286 2067; baseline -0.001 -2"><span class='ocrx_word' id='word_1_140' title='bbox 22 2016 153 2056; x_wconf 73' lang='lat' dir='ltr'>Not-Mart·</span> <span class='ocrx_word' id='word_1_141' title='bbox 270 2009 364 2066; x_wconf 91' lang='lat' dir='ltr'>Anno</span> <span class='ocrx_word' id='word_1_142' title='bbox 384 2009 512 2067; x_wconf 89' lang='lat' dir='ltr'>Domini</span> <span class='ocrx_word' id='word_1_143' title='bbox 527 2008 655 2067; x_wconf 83' lang='lat' dir='ltr'>MOXV.</span> <span class='ocrx_word' id='word_1_144' title='bbox 695 2001 907 2066; x_wconf 87' lang='lat' dir='ltr'>Dedicatum⁵</span> <span class='ocrx_word' id='word_1_145' title='bbox 930 2013 979 2067; x_wconf 88' lang='lat' dir='ltr'>est</span> <span class='ocrx_word' id='word_1_146' title='bbox 1001 2007 1120 2066; x_wconf 71' lang='lat' dir='ltr'>aliar-0⁸</span> <span class='ocrx_word' id='word_1_147' title='bbox 1140 2008 1286 2065; x_wconf 91' lang='lat' dir='ltr'>omnium</span> 
     </span>
    </p>
   </div>
   <div class='ocr_carea' id='block_1_7' title="bbox 164 2093 1332 2244">
    <p class='ocr_par' dir='ltr' id='par_1_8' title="bbox 164 2093 1332 2244">
     <span class='ocr_line' id='line_1_21' title="bbox 164 2093 1332 2172; baseline -0.001 -18"><span class='ocrx_word' id='word_1_148' title='bbox 164 2099 346 2155; x_wconf 82' lang='lat' dir='ltr'>sanctorum</span> <span class='ocrx_word' id='word_1_149' title='bbox 363 2099 568 2156; x_wconf 86' lang='lat' dir='ltr'>Marbacense</span> <span class='ocrx_word' id='word_1_150' title='bbox 583 2115 602 2155; x_wconf 87' lang='lat' dir='ltr'>a</span> <span class='ocrx_word' id='word_1_151' title='bbox 618 2098 788 2155; x_wconf 83' lang='lat' dir='ltr'>venerabili</span> <span class='ocrx_word' id='word_1_152' title='bbox 804 2093 941 2156; x_wconf 79' lang='lat' dir='ltr'>tholfo</span> <span class='ocrx_word' id='word_1_153' title='bbox 957 2097 1123 2155; x_wconf 86' lang='lat' dir='ltr'>Basiliensi</span> <span class='ocrx_word' id='word_1_154' title='bbox 1138 2097 1285 2172; x_wconf 89' lang='lat' dir='ltr'>episcopo</span> <span class='ocrx_word' id='word_1_155' title='bbox 1305 2113 1332 2153; x_wconf 83' lang='lat' dir='ltr'>so</span> 
     </span>
     <span class='ocr_line' id='line_1_22' title="bbox 164 2186 576 2244; baseline 0.005 -2"><span class='ocrx_word' id='word_1_156' title='bbox 164 2186 265 2242; x_wconf 89' lang='lat' dir='ltr'>XVII.</span> <span class='ocrx_word' id='word_1_157' title='bbox 289 2186 359 2243; x_wconf 85' lang='lat' dir='ltr'>Kal.</span> <span class='ocrx_word' id='word_1_158' title='bbox 384 2187 576 2244; x_wconf 89' lang='lat' dir='ltr'>Decembris.</span> 
     </span>
    </p>
   </div>
   <div class='ocr_carea' id='block_1_8' title="bbox 22 2273 1333 2703">
    <p class='ocr_par' dir='ltr' id='par_1_9' title="bbox 22 2273 1333 2703">
     <span class='ocr_line' id='line_1_23' title="bbox 22 2273 1286 2333; baseline 0.009 -14"><span class='ocrx_word' id='word_1_159' title='bbox 22 2279 153 2322; x_wconf 63' lang='lat' dir='ltr'>rotmari.</span> <span class='ocrx_word' id='word_1_160' title='bbox 271 2276 364 2333; x_wconf 88' lang='lat' dir='ltr'>Anno</span> <span class='ocrx_word' id='word_1_161' title='bbox 380 2276 508 2332; x_wconf 89' lang='lat' dir='ltr'>Domini</span> <span class='ocrx_word' id='word_1_162' title='bbox 524 2275 684 2333; x_wconf 84' lang='lat' dir='ltr'>MOXVII.</span> <span class='ocrx_word' id='word_1_163' title='bbox 721 2276 890 2332; x_wconf 88' lang='lat' dir='ltr'>Possessus</span> <span class='ocrx_word' id='word_1_164' title='bbox 907 2278 956 2332; x_wconf 88' lang='lat' dir='ltr'>est</span> <span class='ocrx_word' id='word_1_165' title='bbox 970 2276 1058 2332; x_wconf 87' lang='lat' dir='ltr'>locus</span> <span class='ocrx_word' id='word_1_166' title='bbox 1075 2273 1286 2332; x_wconf 79' lang='lat' dir='ltr'>Swarcendan</span> 
     </span>
     <span class='ocr_line' id='line_1_24' title="bbox 164 2356 1283 2438; baseline 0 -19"><span class='ocrx_word' id='word_1_167' title='bbox 164 2380 184 2420; x_wconf 91' lang='lat' dir='ltr'>a</span> <span class='ocrx_word' id='word_1_168' title='bbox 215 2365 457 2438; x_wconf 87' lang='lat' dir='ltr'>congregatione</span> <span class='ocrx_word' id='word_1_169' title='bbox 488 2365 688 2421; x_wconf 88' lang='lat' dir='ltr'>dominarum</span> <span class='ocrx_word' id='word_1_170' title='bbox 712 2364 965 2421; x_wconf 88' lang='lat' dir='ltr'>Marbacensium</span> <span class='ocrx_word' id='word_1_171' title='bbox 992 2364 1090 2421; x_wconf 89' lang='lat' dir='ltr'>Nonis</span> <span class='ocrx_word' id='word_1_172' title='bbox 1114 2363 1252 2437; x_wconf 86' lang='lat' dir='ltr'>Augusti</span> <span class='ocrx_word' id='word_1_173' title='bbox 1262 2356 1283 2419; x_wconf 78' lang='lat'>⁶.</span> 
     </span>
     <span class='ocr_line' id='line_1_25' title="bbox 23 2451 1285 2510; baseline 0.001 -3"><span class='ocrx_word' id='word_1_174' title='bbox 23 2457 153 2500; x_wconf 64' lang='lat' dir='ltr'>noeane.</span> <span class='ocrx_word' id='word_1_175' title='bbox 271 2453 365 2509; x_wconf 92' lang='lat' dir='ltr'>Anno</span> <span class='ocrx_word' id='word_1_176' title='bbox 380 2452 508 2509; x_wconf 88' lang='lat' dir='ltr'>Domini</span> <span class='ocrx_word' id='word_1_177' title='bbox 523 2452 653 2510; x_wconf 84' lang='lat' dir='ltr'><strong>MOXX.</strong></span> <span class='ocrx_word' id='word_1_178' title='bbox 686 2454 888 2510; x_wconf 87' lang='lat' dir='ltr'>Burchardus</span> <span class='ocrx_word' id='word_1_179' title='bbox 904 2453 1056 2510; x_wconf 83' lang='lat' dir='ltr'>fundator</span> <span class='ocrx_word' id='word_1_180' title='bbox 1071 2451 1285 2509; x_wconf 84' lang='lat' dir='ltr'>Marbacensis</span> 
     </span>
     <span class='ocr_line' id='line_1_26' title="bbox 166 2539 1333 2622; baseline -0.002 -25"><span class='ocrx_word' id='word_1_181' title='bbox 166 2541 315 2622; x_wconf 71' lang='lat' dir='ltr'>ecclesiae</span> <span class='ocrx_word' id='word_1_182' title='bbox 339 2539 460 2597; x_wconf 87' lang='lat' dir='ltr'>dehac</span> <span class='ocrx_word' id='word_1_183' title='bbox 483 2541 553 2598; x_wconf 91' lang='lat' dir='ltr'>luce</span> <span class='ocrx_word' id='word_1_184' title='bbox 576 2541 726 2616; x_wconf 82' lang='lat' dir='ltr'>migravit</span> <span class='ocrx_word' id='word_1_185' title='bbox 748 2546 780 2598; x_wconf 91' lang='lat' dir='ltr'>et</span> <span class='ocrx_word' id='word_1_186' title='bbox 803 2543 835 2598; x_wconf 94' lang='lat' dir='ltr'>in</span> <span class='ocrx_word' id='word_1_187' title='bbox 859 2543 971 2599; x_wconf 86' lang='lat' dir='ltr'>eadem</span> <span class='ocrx_word' id='word_1_188' title='bbox 993 2542 1125 2622; x_wconf 74' lang='lat' dir='ltr'>ecclesia</span> <span class='ocrx_word' id='word_1_189' title='bbox 1141 2541 1285 2615; x_wconf 89' lang='lat' dir='ltr'>sepultus</span> <span class='ocrx_word' id='word_1_190' title='bbox 1305 2555 1333 2595; x_wconf 78' lang='lat' dir='ltr'>su</span> 
     </span>
     <span class='ocr_line' id='line_1_27' title="bbox 164 2621 472 2703; baseline -0.003 -18"><span class='ocrx_word' id='word_1_191' title='bbox 164 2629 198 2685; x_wconf 93' lang='lat' dir='ltr'>in</span> <span class='ocrx_word' id='word_1_192' title='bbox 221 2644 298 2703; x_wconf 86' lang='lat' dir='ltr'>pace</span> <span class='ocrx_word' id='word_1_193' title='bbox 321 2628 440 2702; x_wconf 85' lang='lat' dir='ltr'>quievit</span> <span class='ocrx_word' id='word_1_194' title='bbox 451 2621 472 2683; x_wconf 80' lang='lat'>⁷.</span> 
     </span>
    </p>
   </div>
   <div class='ocr_carea' id='block_1_9' title="bbox 165 2759 1288 2860">
    <p class='ocr_par' dir='ltr' id='par_1_10' title="bbox 165 2759 1288 2860">
     <span class='ocr_line' id='line_1_28' title="bbox 165 2759 1288 2812; baseline 0.001 -16"><span class='ocrx_word' id='word_1_195' title='bbox 165 2760 187 2806; x_wconf 91' lang='lat' dir='ltr'>a)</span> <span class='ocrx_word' id='word_1_196' title='bbox 209 2759 369 2798; x_wconf 85' lang='lat' dir='ltr'>monasterium</span> <span class='ocrx_word' id='word_1_197' title='bbox 389 2768 408 2797; x_wconf 83' lang='lat' dir='ltr'>r.</span> <span class='ocrx_word' id='word_1_198' title='bbox 432 2768 505 2797; x_wconf 76' lang='lat' dir='ltr'>more</span> <span class='ocrx_word' id='word_1_199' title='bbox 527 2760 615 2799; x_wconf 81' lang='lat' dir='ltr'>librarii</span> <span class='ocrx_word' id='word_1_200' title='bbox 638 2761 806 2812; x_wconf 81' lang='lat' dir='ltr'>Neoburpensis,</span> <span class='ocrx_word' id='word_1_201' title='bbox 830 2762 878 2800; x_wconf 76' lang='lat' dir='ltr'>eide</span> <span class='ocrx_word' id='word_1_202' title='bbox 900 2763 961 2810; x_wconf 78' lang='lat' dir='ltr'>infra</span> <span class='ocrx_word' id='word_1_203' title='bbox 984 2766 1057 2801; x_wconf 81' lang='lat' dir='ltr'>notam</span> <span class='ocrx_word' id='word_1_204' title='bbox 1079 2761 1100 2801; x_wconf 79' lang='lat'>5.</span> <span class='ocrx_word' id='word_1_205' title='bbox 1140 2760 1176 2798; x_wconf 71' lang='lat' dir='ltr'>Al.</span> <span class='ocrx_word' id='word_1_206' title='bbox 1201 2760 1288 2798; x_wconf 67' lang='lat' dir='ltr'>§chaire</span> 
     </span>
     <span class='ocr_line' id='line_1_29' title="bbox 165 2811 463 2860; baseline 0.01 -12"><span class='ocrx_word' id='word_1_207' title='bbox 165 2811 331 2850; x_wconf 71' lang='lat' dir='ltr'>emendationem</span> <span class='ocrx_word' id='word_1_208' title='bbox 341 2813 463 2860; x_wconf 83' lang='lat' dir='ltr'>proposuit.</span> 
     </span>
    </p>
   </div>
   <div class='ocr_carea' id='block_1_10' title="bbox 116 2916 1333 4474">
    <p class='ocr_par' dir='ltr' id='par_1_11' title="bbox 164 2916 1333 4050">
     <span class='ocr_line' id='line_1_30' title="bbox 167 2916 1286 2987; baseline -0.002 -16"><span class='ocrx_word' id='word_1_209' title='bbox 167 2916 193 2984; x_wconf 87' lang='lat'>1)</span> <span class='ocrx_word' id='word_1_210' title='bbox 209 2917 291 2968; x_wconf 86' lang='lat' dir='ltr'>Hanc</span> <span class='ocrx_word' id='word_1_211' title='bbox 308 2918 431 2970; x_wconf 79' lang='lat' dir='ltr'>notitiam</span> <span class='ocrx_word' id='word_1_212' title='bbox 449 2925 473 2971; x_wconf 89' lang='lat' dir='ltr'>et</span> <span class='ocrx_word' id='word_1_213' title='bbox 490 2927 636 2987; x_wconf 78' lang='lat' dir='ltr'>sequentem</span> <span class='ocrx_word' id='word_1_214' title='bbox 647 2922 678 2973; x_wconf 85' lang='lat' dir='ltr'>de</span> <span class='ocrx_word' id='word_1_215' title='bbox 690 2928 778 2974; x_wconf 80' lang='lat' dir='ltr'>terrae</span> <span class='ocrx_word' id='word_1_216' title='bbox 790 2927 862 2972; x_wconf 92' lang='lat' dir='ltr'>motu</span> <span class='ocrx_word' id='word_1_217' title='bbox 874 2921 904 2985; x_wconf 86' lang='lat' dir='ltr'>(t.</span> <span class='ocrx_word' id='word_1_218' title='bbox 920 2922 966 2983; x_wconf 87' lang='grc'>18)</span> <span class='ocrx_word' id='word_1_219' title='bbox 980 2922 1071 2987; x_wconf 82' lang='lat' dir='ltr'>potius</span> <span class='ocrx_word' id='word_1_220' title='bbox 1082 2919 1161 2972; x_wconf 82' lang='lat' dir='ltr'>Notis</span> <span class='ocrx_word' id='word_1_221' title='bbox 1172 2918 1286 2970; x_wconf 78' lang='lat' dir='ltr'>Mauba-</span> 
     </span>
     <span class='ocr_line' id='line_1_31' title="bbox 165 2988 1333 3058; baseline 0.003 -19"><span class='ocrx_word' id='word_1_222' title='bbox 165 2988 283 3040; x_wconf 75' lang='lat' dir='ltr'>unaue</span> <span class='ocrx_word' id='word_1_223' title='bbox 295 3004 376 3055; x_wconf 81' lang='lat' dir='ltr'>quam</span> <span class='ocrx_word' id='word_1_224' title='bbox 388 2990 541 3042; x_wconf 80' lang='lat' dir='ltr'>Annalibus</span> <span class='ocrx_word' id='word_1_225' title='bbox 548 2991 788 3058; x_wconf 80' lang='lat' dir='ltr'>Arpentinensibus</span> <span class='ocrx_word' id='word_1_226' title='bbox 800 2991 943 3046; x_wconf 87' lang='lat' dir='ltr'>ascribam.</span> <span class='ocrx_word' id='word_1_227' title='bbox 957 3021 991 3030; x_wconf 92' lang='lat'>-</span> <span class='ocrx_word' id='word_1_228' title='bbox 1006 2991 1047 3055; x_wconf 79' lang='lat' dir='ltr'>Cf.</span> <span class='ocrx_word' id='word_1_229' title='bbox 1062 2992 1140 3042; x_wconf 84' lang='lat' dir='ltr'>etiam</span> <span class='ocrx_word' id='word_1_230' title='bbox 1153 2989 1287 3041; x_wconf 82' lang='lat' dir='ltr'>Iohannis</span> <span class='ocrx_word' id='word_1_231' title='bbox 1305 3004 1333 3044; x_wconf 77' lang='lat' dir='ltr'>so</span> 
     </span>
     <span class='ocr_line' id='line_1_32' title="bbox 165 3059 1287 3129; baseline 0.002 -19"><span class='ocrx_word' id='word_1_232' title='bbox 165 3060 196 3110; x_wconf 83' lang='lat' dir='ltr'>de</span> <span class='ocrx_word' id='word_1_233' title='bbox 214 3059 326 3125; x_wconf 78' lang='lat' dir='ltr'>Bayono</span> <span class='ocrx_word' id='word_1_234' title='bbox 338 3060 488 3114; x_wconf 76' lang='lat' dir='ltr'>Cbrmieon</span> <span class='ocrx_word' id='word_1_235' title='bbox 499 3062 622 3114; x_wconf 76' lang='lat' dir='ltr'>Medimni</span> <span class='ocrx_word' id='word_1_236' title='bbox 638 3065 795 3115; x_wconf 83' lang='lat' dir='ltr'>mmasterii</span> <span class='ocrx_word' id='word_1_237' title='bbox 805 3062 974 3128; x_wconf 80' lang='lat' dir='ltr'>(Bethamme,</span> <span class='ocrx_word' id='word_1_238' title='bbox 988 3063 1171 3129; x_wconf 82' lang='lat' dir='ltr'>Antiquitates</span> <span class='ocrx_word' id='word_1_239' title='bbox 1189 3063 1287 3112; x_wconf 69' lang='lat' dir='ltr'>moestis</span> 
     </span>
     <span class='ocr_line' id='line_1_33' title="bbox 171 3129 1285 3200; baseline 0.003 -21"><span class='ocrx_word' id='word_1_240' title='bbox 171 3129 266 3196; x_wconf 85' lang='lat' dir='ltr'>Vopesi</span> <span class='ocrx_word' id='word_1_241' title='bbox 278 3147 308 3196; x_wconf 88' lang='lat' dir='ltr'>p.</span> <span class='ocrx_word' id='word_1_242' title='bbox 324 3133 404 3196; x_wconf 73' lang='lat' dir='ltr'>m).-</span> <span class='ocrx_word' id='word_1_243' title='bbox 423 3132 506 3185; x_wconf 88' lang='lat' dir='ltr'>Anno</span> <span class='ocrx_word' id='word_1_244' title='bbox 524 3132 635 3186; x_wconf 90' lang='lat' dir='ltr'>Domini</span> <span class='ocrx_word' id='word_1_245' title='bbox 653 3131 715 3188; x_wconf 83' lang='lat' dir='ltr'>Mo,</span> <span class='ocrx_word' id='word_1_246' title='bbox 734 3132 820 3186; x_wconf 87' lang='lat' dir='ltr'>hiems</span> <span class='ocrx_word' id='word_1_247' title='bbox 839 3137 915 3185; x_wconf 85' lang='lat' dir='ltr'>tanta</span> <span class='ocrx_word' id='word_1_248' title='bbox 934 3132 987 3186; x_wconf 87' lang='lat' dir='ltr'>fuit</span> <span class='ocrx_word' id='word_1_249' title='bbox 1007 3131 1153 3200; x_wconf 89' lang='lat' dir='ltr'>asperitate</span> <span class='ocrx_word' id='word_1_250' title='bbox 1171 3130 1285 3198; x_wconf 86' lang='lat' dir='ltr'>repleta,</span> 
     </span>
     <span class='ocr_line' id='line_1_34' title="bbox 165 3199 1286 3272; baseline 0.002 -21"><span class='ocrx_word' id='word_1_251' title='bbox 165 3199 239 3265; x_wconf 88' lang='lat' dir='ltr'>qnod</span> <span class='ocrx_word' id='word_1_252' title='bbox 257 3201 304 3253; x_wconf 83' lang='lat' dir='ltr'>vix</span> <span class='ocrx_word' id='word_1_253' title='bbox 323 3202 381 3268; x_wconf 89' lang='lat' dir='ltr'>quis</span> <span class='ocrx_word' id='word_1_254' title='bbox 400 3206 477 3255; x_wconf 85' lang='lat' dir='ltr'>extra</span> <span class='ocrx_word' id='word_1_255' title='bbox 495 3206 604 3272; x_wconf 86' lang='lat' dir='ltr'>poterat</span> <span class='ocrx_word' id='word_1_256' title='bbox 616 3202 718 3272; x_wconf 81' lang='lat' dir='ltr'>egredi.</span> <span class='ocrx_word' id='word_1_257' title='bbox 749 3202 830 3256; x_wconf 89' lang='lat' dir='ltr'>Hanc</span> <span class='ocrx_word' id='word_1_258' title='bbox 848 3205 992 3257; x_wconf 86' lang='lat' dir='ltr'>subsecuta</span> <span class='ocrx_word' id='word_1_259' title='bbox 1005 3208 1045 3257; x_wconf 89' lang='lat' dir='ltr'>est</span> <span class='ocrx_word' id='word_1_260' title='bbox 1058 3202 1143 3255; x_wconf 87' lang='lat' dir='ltr'>fames</span> <span class='ocrx_word' id='word_1_261' title='bbox 1156 3200 1246 3254; x_wconf 87' lang='lat' dir='ltr'>valida</span> <span class='ocrx_word' id='word_1_262' title='bbox 1259 3205 1286 3254; x_wconf 89' lang='lat' dir='ltr'>et</span> 
     </span>
     <span class='ocr_line' id='line_1_35' title="bbox 165 3269 1287 3342; baseline 0.001 -20"><span class='ocrx_word' id='word_1_263' title='bbox 165 3269 307 3323; x_wconf 91' lang='lat' dir='ltr'>hominum</span> <span class='ocrx_word' id='word_1_264' title='bbox 325 3273 485 3328; x_wconf 85' lang='lat' dir='ltr'>mortalitas.</span> <span class='ocrx_word' id='word_1_265' title='bbox 558 3277 586 3342; x_wconf 82' lang='lat'>2)</span> <span class='ocrx_word' id='word_1_266' title='bbox 607 3275 661 3326; x_wconf 82' lang='lat' dir='ltr'>His</span> <span class='ocrx_word' id='word_1_267' title='bbox 679 3277 782 3327; x_wconf 77' lang='lat' dir='ltr'>ultimis</span> <span class='ocrx_word' id='word_1_268' title='bbox 795 3276 924 3328; x_wconf 77' lang='lat' dir='ltr'>Cironici</span> <span class='ocrx_word' id='word_1_269' title='bbox 935 3275 1066 3328; x_wconf 83' lang='lat' dir='ltr'>Bernoidi</span> <span class='ocrx_word' id='word_1_270' title='bbox 1083 3275 1168 3326; x_wconf 73' lang='lat' dir='ltr'>zerbis</span> <span class='ocrx_word' id='word_1_271' title='bbox 1186 3274 1287 3326; x_wconf 75' lang='lat' dir='ltr'>irenem</span> 
     </span>
     <span class='ocr_line' id='line_1_36' title="bbox 165 3343 1332 3413; baseline 0.003 -19"><span class='ocrx_word' id='word_1_272' title='bbox 165 3343 302 3408; x_wconf 76' lang='lat' dir='ltr'>quandam</span> <span class='ocrx_word' id='word_1_273' title='bbox 314 3346 438 3396; x_wconf 83' lang='lat' dir='ltr'>notitiam</span> <span class='ocrx_word' id='word_1_274' title='bbox 447 3346 597 3398; x_wconf 84' lang='lat' dir='ltr'>Annalium</span> <span class='ocrx_word' id='word_1_275' title='bbox 610 3348 792 3412; x_wconf 79' lang='lat' dir='ltr'>imperialium</span> <span class='ocrx_word' id='word_1_276' title='bbox 802 3347 1038 3413; x_wconf 82' lang='lat' dir='ltr'>Arpentinensium</span> <span class='ocrx_word' id='word_1_277' title='bbox 1048 3346 1080 3398; x_wconf 85' lang='lat' dir='ltr'>de</span> <span class='ocrx_word' id='word_1_278' title='bbox 1092 3351 1174 3397; x_wconf 71' lang='lat' dir='ltr'>inmte</span> <span class='ocrx_word' id='word_1_279' title='bbox 1183 3343 1287 3396; x_wconf 86' lang='lat' dir='ltr'>Ottonis</span> <span class='ocrx_word' id='word_1_280' title='bbox 1305 3357 1332 3398; x_wconf 79' lang='lat' dir='ltr'>so</span> 
     </span>
     <span class='ocr_line' id='line_1_37' title="bbox 165 3415 1287 3484; baseline 0.001 -20"><span class='ocrx_word' id='word_1_281' title='bbox 165 3415 282 3480; x_wconf 82' lang='lat' dir='ltr'>episcopi</span> <span class='ocrx_word' id='word_1_282' title='bbox 292 3415 418 3466; x_wconf 80' lang='lat' dir='ltr'>dimotum</span> <span class='ocrx_word' id='word_1_283' title='bbox 430 3431 483 3467; x_wconf 87' lang='lat' dir='ltr'>esse</span> <span class='ocrx_word' id='word_1_284' title='bbox 494 3417 565 3468; x_wconf 82' lang='lat' dir='ltr'>milri</span> <span class='ocrx_word' id='word_1_285' title='bbox 575 3423 685 3471; x_wconf 85' lang='lat' dir='ltr'>constat.</span> <span class='ocrx_word' id='word_1_286' title='bbox 738 3417 765 3484; x_wconf 89' lang='grc'>3)</span> <span class='ocrx_word' id='word_1_287' title='bbox 773 3416 834 3469; x_wconf 90' lang='lat' dir='ltr'>Non</span> <span class='ocrx_word' id='word_1_288' title='bbox 846 3417 1021 3484; x_wconf 65' lang='lat' dir='ltr'>sititianum</span> <span class='ocrx_word' id='word_1_289' title='bbox 1033 3417 1171 3469; x_wconf 80' lang='lat' dir='ltr'>chronista</span> <span class='ocrx_word' id='word_1_290' title='bbox 1183 3430 1287 3466; x_wconf 65' lang='lat' dir='ltr'>ceruum</span> 
     </span>
     <span class='ocr_line' id='line_1_38' title="bbox 165 3486 1287 3557; baseline 0.002 -23"><span class='ocrx_word' id='word_1_291' title='bbox 165 3486 365 3538; x_wconf 80' lang='lat' dir='ltr'>incarnationis</span> <span class='ocrx_word' id='word_1_292' title='bbox 383 3503 416 3538; x_wconf 81' lang='lat' dir='ltr'>en</span> <span class='ocrx_word' id='word_1_293' title='bbox 433 3487 507 3546; x_wconf 82' lang='lat' dir='ltr'>Ann,</span> <span class='ocrx_word' id='word_1_294' title='bbox 523 3490 617 3554; x_wconf 83' lang='lat' dir='ltr'>imper.</span> <span class='ocrx_word' id='word_1_295' title='bbox 631 3489 770 3554; x_wconf 80' lang='lat' dir='ltr'>Arpentiu.</span> <span class='ocrx_word' id='word_1_296' title='bbox 789 3489 964 3556; x_wconf 82' lang='lat' dir='ltr'>desumpserit</span> <span class='ocrx_word' id='word_1_297' title='bbox 970 3507 980 3551; x_wconf 88' lang='lat'>,·</span> <span class='ocrx_word' id='word_1_298' title='bbox 994 3503 1086 3557; x_wconf 83' lang='lat' dir='ltr'>panea</span> <span class='ocrx_word' id='word_1_299' title='bbox 1105 3503 1172 3554; x_wconf 79' lang='lat' dir='ltr'>quae</span> <span class='ocrx_word' id='word_1_300' title='bbox 1190 3486 1287 3538; x_wconf 82' lang='lat' dir='ltr'>ibidem</span> 
     </span>
     <span class='ocr_line' id='line_1_39' title="bbox 165 3554 1287 3626; baseline 0.001 -20"><span class='ocrx_word' id='word_1_301' title='bbox 165 3554 196 3606; x_wconf 84' lang='lat' dir='ltr'>de</span> <span class='ocrx_word' id='word_1_302' title='bbox 214 3561 298 3607; x_wconf 86' lang='lat' dir='ltr'>morte</span> <span class='ocrx_word' id='word_1_303' title='bbox 308 3556 434 3609; x_wconf 87' lang='lat' dir='ltr'>Heinriei</span> <span class='ocrx_word' id='word_1_304' title='bbox 443 3557 495 3612; x_wconf 86' lang='lat' dir='ltr'>IV.</span> <span class='ocrx_word' id='word_1_305' title='bbox 515 3564 538 3609; x_wconf 90' lang='lat' dir='ltr'>et</span> <span class='ocrx_word' id='word_1_306' title='bbox 556 3561 588 3610; x_wconf 84' lang='lat' dir='ltr'>de</span> <span class='ocrx_word' id='word_1_307' title='bbox 598 3562 757 3612; x_wconf 80' lang='lat' dir='ltr'>successione</span> <span class='ocrx_word' id='word_1_308' title='bbox 768 3559 821 3623; x_wconf 78' lang='lat' dir='ltr'>filii</span> <span class='ocrx_word' id='word_1_309' title='bbox 834 3562 935 3626; x_wconf 73' lang='lat' dir='ltr'>suapte</span> <span class='ocrx_word' id='word_1_310' title='bbox 947 3566 1026 3613; x_wconf 76' lang='lat' dir='ltr'>nant</span> <span class='ocrx_word' id='word_1_311' title='bbox 1037 3561 1135 3612; x_wconf 87' lang='lat' dir='ltr'>omissa</span> <span class='ocrx_word' id='word_1_312' title='bbox 1149 3563 1172 3610; x_wconf 88' lang='lat' dir='ltr'>et</span> <span class='ocrx_word' id='word_1_313' title='bbox 1182 3572 1287 3609; x_wconf 69' lang='lat' dir='ltr'>namra·</span> 
     </span>
     <span class='ocr_line' id='line_1_40' title="bbox 165 3626 1287 3699; baseline 0 -21"><span class='ocrx_word' id='word_1_314' title='bbox 165 3626 237 3678; x_wconf 82' lang='lat' dir='ltr'>time</span> <span class='ocrx_word' id='word_1_315' title='bbox 256 3626 357 3680; x_wconf 70' lang='lat' dir='ltr'>onmis</span> <span class='ocrx_word' id='word_1_316' title='bbox 374 3628 559 3695; x_wconf 81' lang='lat' dir='ltr'>Frisinpensis</span> <span class='ocrx_word' id='word_1_317' title='bbox 577 3631 679 3698; x_wconf 80' lang='lat' dir='ltr'>captata</span> <span class='ocrx_word' id='word_1_318' title='bbox 698 3638 768 3684; x_wconf 85' lang='lat' dir='ltr'>sunt.</span> <span class='ocrx_word' id='word_1_319' title='bbox 847 3629 875 3699; x_wconf 85' lang='lat'>4)</span> <span class='ocrx_word' id='word_1_320' title='bbox 896 3631 962 3682; x_wconf 87' lang='lat' dir='ltr'>Cum</span> <span class='ocrx_word' id='word_1_321' title='bbox 979 3631 1042 3683; x_wconf 80' lang='lat' dir='ltr'>huie</span> <span class='ocrx_word' id='word_1_322' title='bbox 1059 3632 1114 3683; x_wconf 84' lang='lat' dir='ltr'>ioco</span> <span class='ocrx_word' id='word_1_323' title='bbox 1132 3628 1287 3680; x_wconf 77' lang='lat' dir='ltr'>relationem</span> 
     </span>
     <span class='ocr_line' id='line_1_41' title="bbox 165 3699 1332 3768; baseline 0.002 -20"><span class='ocrx_word' id='word_1_324' title='bbox 165 3699 235 3749; x_wconf 85' lang='lat' dir='ltr'>anni</span> <span class='ocrx_word' id='word_1_325' title='bbox 245 3699 315 3753; x_wconf 83' lang='grc'><strong>1093</strong></span> <span class='ocrx_word' id='word_1_326' title='bbox 333 3704 431 3766; x_wconf 83' lang='lat' dir='ltr'>(supm</span> <span class='ocrx_word' id='word_1_327' title='bbox 446 3716 476 3766; x_wconf 90' lang='lat' dir='ltr'>p.</span> <span class='ocrx_word' id='word_1_328' title='bbox 489 3702 539 3766; x_wconf 85' lang='lat'>38)</span> <span class='ocrx_word' id='word_1_329' title='bbox 558 3702 691 3767; x_wconf 82' lang='lat' dir='ltr'>conferas,</span> <span class='ocrx_word' id='word_1_330' title='bbox 710 3702 800 3768; x_wconf 88' lang='lat' dir='ltr'>ipsum</span> <span class='ocrx_word' id='word_1_331' title='bbox 812 3700 973 3752; x_wconf 71' lang='lat' dir='ltr'>theonistum</span> <span class='ocrx_word' id='word_1_332' title='bbox 990 3703 1081 3754; x_wconf 83' lang='lat' dir='ltr'>ambos</span> <span class='ocrx_word' id='word_1_333' title='bbox 1098 3700 1224 3752; x_wconf 82' lang='lat' dir='ltr'>Heinrici</span> <span class='ocrx_word' id='word_1_334' title='bbox 1234 3699 1285 3753; x_wconf 86' lang='lat' dir='ltr'>IV.</span> <span class='ocrx_word' id='word_1_335' title='bbox 1305 3711 1332 3750; x_wconf 73' lang='lat' dir='ltr'>eo</span> 
     </span>
     <span class='ocr_line' id='line_1_42' title="bbox 165 3768 1286 3840; baseline 0.002 -22"><span class='ocrx_word' id='word_1_336' title='bbox 165 3768 237 3832; x_wconf 79' lang='lat' dir='ltr'>filios</span> <span class='ocrx_word' id='word_1_337' title='bbox 267 3768 419 3831; x_wconf 83' lang='lat' dir='ltr'>confudisse</span> <span class='ocrx_word' id='word_1_338' title='bbox 446 3771 589 3835; x_wconf 82' lang='lat' dir='ltr'>intellipas.</span> <span class='ocrx_word' id='word_1_339' title='bbox 697 3771 724 3840; x_wconf 87' lang='lat'>5)</span> <span class='ocrx_word' id='word_1_340' title='bbox 755 3773 799 3825; x_wconf 85' lang='lat' dir='ltr'>Al.</span> <span class='ocrx_word' id='word_1_341' title='bbox 828 3771 935 3823; x_wconf 83' lang='lat' dir='ltr'>Sebuite</span> <span class='ocrx_word' id='word_1_342' title='bbox 964 3774 993 3824; x_wconf 87' lang='lat' dir='ltr'>in</span> <span class='ocrx_word' id='word_1_343' title='bbox 1020 3772 1214 3837; x_wconf 79' lang='lat' dir='ltr'>‘Mitteiiunpen</span> <span class='ocrx_word' id='word_1_344' title='bbox 1242 3770 1286 3820; x_wconf 88' lang='lat' dir='ltr'>des</span> 
     </span>
     <span class='ocr_line' id='line_1_43' title="bbox 164 3839 1286 3910; baseline 0 -20"><span class='ocrx_word' id='word_1_345' title='bbox 164 3839 290 3891; x_wconf 80' lang='lat' dir='ltr'>Instituta</span> <span class='ocrx_word' id='word_1_346' title='bbox 307 3842 357 3903; x_wconf 74' lang='lat' dir='ltr'>fiir</span> <span class='ocrx_word' id='word_1_347' title='bbox 374 3839 589 3892; x_wconf 79' lang='lat' dir='ltr'>isterreichisclee</span> <span class='ocrx_word' id='word_1_348' title='bbox 608 3842 915 3909; x_wconf 77' lang='lat' dir='ltr'>Geschz&#39;ehtsforschunp&#39;</span> <span class='ocrx_word' id='word_1_349' title='bbox 934 3843 965 3908; x_wconf 88' lang='lat' dir='ltr'>V,</span> <span class='ocrx_word' id='word_1_350' title='bbox 981 3861 1010 3910; x_wconf 91' lang='lat' dir='ltr'>p.</span> <span class='ocrx_word' id='word_1_351' title='bbox 1023 3845 1084 3898; x_wconf 79' lang='lat'>529.</span> <span class='ocrx_word' id='word_1_352' title='bbox 1103 3843 1225 3894; x_wconf 77' lang='lat' dir='ltr'>notitiam</span> <span class='ocrx_word' id='word_1_353' title='bbox 1243 3841 1286 3891; x_wconf 85' lang='lat' dir='ltr'>de·</span> 
     </span>
     <span class='ocr_line' id='line_1_44' title="bbox 166 3909 1287 3980; baseline 0.004 -22"><span class='ocrx_word' id='word_1_354' title='bbox 166 3909 309 3961; x_wconf 68' lang='lat' dir='ltr'>dicationis</span> <span class='ocrx_word' id='word_1_355' title='bbox 327 3911 401 3974; x_wconf 81' lang='lat' dir='ltr'>apud</span> <span class='ocrx_word' id='word_1_356' title='bbox 419 3909 575 3962; x_wconf 83' lang='lat' dir='ltr'>Maternum</span> <span class='ocrx_word' id='word_1_357' title='bbox 593 3912 734 3964; x_wconf 77' lang='lat' dir='ltr'>Berierum</span> <span class='ocrx_word' id='word_1_358' title='bbox 752 3919 933 3966; x_wconf 82' lang='lat' dir='ltr'>conservatam</span> <span class='ocrx_word' id='word_1_359' title='bbox 951 3914 1158 3980; x_wconf 79' lang='lat' dir='ltr'>(‘Mitteiiunpen</span> <span class='ocrx_word' id='word_1_360' title='bbox 1176 3912 1224 3964; x_wconf 83' lang='lat' dir='ltr'>der</span> <span class='ocrx_word' id='word_1_361' title='bbox 1237 3911 1287 3963; x_wconf 79' lang='lat' dir='ltr'>Ge-</span> 
     </span>
     <span class='ocr_line' id='line_1_45' title="bbox 165 3978 1285 4050; baseline 0.005 -20"><span class='ocrx_word' id='word_1_362' title='bbox 165 3978 304 4043; x_wconf 78' lang='lat' dir='ltr'>sellsehaft</span> <span class='ocrx_word' id='word_1_363' title='bbox 333 3982 382 4044; x_wconf 70' lang='lat' dir='ltr'>fiir</span> <span class='ocrx_word' id='word_1_364' title='bbox 413 3979 571 4047; x_wconf 72' lang='lat' dir='ltr'>Ertaitnnp</span> <span class='ocrx_word' id='word_1_365' title='bbox 600 3984 651 4035; x_wconf 84' lang='lat' dir='ltr'>der</span> <span class='ocrx_word' id='word_1_366' title='bbox 679 3984 896 4050; x_wconf 80' lang='lat' dir='ltr'>pesebichtlieben</span> <span class='ocrx_word' id='word_1_367' title='bbox 925 3985 1087 4038; x_wconf 78' lang='lat' dir='ltr'>Denkmiier</span> <span class='ocrx_word' id='word_1_368' title='bbox 1116 3988 1153 4036; x_wconf 88' lang='lat' dir='ltr'>im</span> <span class='ocrx_word' id='word_1_369' title='bbox 1181 3983 1285 4036; x_wconf 80' lang='lat' dir='ltr'>Eleusa</span> 
     </span>
    </p>

    <p class='ocr_par' dir='ltr' id='par_1_12' title="bbox 116 4049 1331 4474">
     <span class='ocr_line' id='line_1_46' title="bbox 116 4049 1331 4124; baseline 0 -21"><span class='ocrx_word' id='word_1_370' title='bbox 116 4050 119 4056; x_wconf 82' lang='grc'>’</span> <span class='ocrx_word' id='word_1_371' title='bbox 166 4049 205 4103; x_wconf 85' lang='grc' dir='ltr'>ΙΙ.</span> <span class='ocrx_word' id='word_1_372' title='bbox 224 4049 326 4115; x_wconf 79' lang='lat' dir='ltr'>Folpe&#39;.</span> <span class='ocrx_word' id='word_1_373' title='bbox 369 4049 466 4118; x_wconf 82' lang='lat' dir='ltr'><strong><em>XVII,</em></strong></span> <span class='ocrx_word' id='word_1_374' title='bbox 488 4067 518 4118; x_wconf 82' lang='lat' dir='ltr'>p.</span> <span class='ocrx_word' id='word_1_375' title='bbox 539 4055 603 4115; x_wconf 87' lang='lat'>144)</span> <span class='ocrx_word' id='word_1_376' title='bbox 628 4054 709 4108; x_wconf 75' lang='lat' dir='ltr'>liuius</span> <span class='ocrx_word' id='word_1_377' title='bbox 727 4056 895 4119; x_wconf 79' lang='lat' dir='ltr'>tesifontem</span> <span class='ocrx_word' id='word_1_378' title='bbox 913 4072 967 4108; x_wconf 82' lang='lat' dir='ltr'>esse</span> <span class='ocrx_word' id='word_1_379' title='bbox 987 4059 1098 4124; x_wconf 79' lang='lat' dir='ltr'>primus</span> <span class='ocrx_word' id='word_1_380' title='bbox 1122 4059 1188 4108; x_wconf 81' lang='lat' dir='ltr'>recte</span> <span class='ocrx_word' id='word_1_381' title='bbox 1211 4054 1285 4107; x_wconf 82' lang='lat' dir='ltr'>uidit.</span> <span class='ocrx_word' id='word_1_382' title='bbox 1303 4063 1331 4104; x_wconf 74' lang='lat' dir='ltr'>so</span> 
     </span>
     <span class='ocr_line' id='line_1_47' title="bbox 165 4119 1286 4194; baseline 0.005 -24"><span class='ocrx_word' id='word_1_383' title='bbox 165 4119 268 4172; x_wconf 81' lang='lat' dir='ltr'>Notitia</span> <span class='ocrx_word' id='word_1_384' title='bbox 293 4122 333 4171; x_wconf 87' lang='lat' dir='ltr'>ita</span> <span class='ocrx_word' id='word_1_385' title='bbox 357 4127 450 4173; x_wconf 76' lang='lat' dir='ltr'>soum:</span> <span class='ocrx_word' id='word_1_386' title='bbox 474 4121 558 4176; x_wconf 85' lang='lat' dir='ltr'>Anno</span> <span class='ocrx_word' id='word_1_387' title='bbox 585 4127 662 4192; x_wconf 86' lang='lat'>1115,</span> <span class='ocrx_word' id='word_1_388' title='bbox 690 4125 839 4179; x_wconf 88' lang='lat' dir='ltr'>indictione</span> <span class='ocrx_word' id='word_1_389' title='bbox 863 4143 944 4194; x_wconf 87' lang='lat' dir='ltr'>nona,</span> <span class='ocrx_word' id='word_1_390' title='bbox 972 4129 1152 4181; x_wconf 85' lang='lat' dir='ltr'>concurrente</span> <span class='ocrx_word' id='word_1_391' title='bbox 1179 4127 1286 4192; x_wconf 85' lang='lat' dir='ltr'>quarto,</span> 
     </span>
     <span class='ocr_line' id='line_1_48' title="bbox 166 4188 1286 4257; baseline 0.004 -16"><span class='ocrx_word' id='word_1_392' title='bbox 166 4193 262 4257; x_wconf 88' lang='lat' dir='ltr'>epacta</span> <span class='ocrx_word' id='word_1_393' title='bbox 279 4188 351 4257; x_wconf 89' lang='lat' dir='ltr'>IIII,</span> <span class='ocrx_word' id='word_1_394' title='bbox 369 4189 466 4247; x_wconf 84' lang='lat' dir='ltr'>XVII.</span> <span class='ocrx_word' id='word_1_395' title='bbox 487 4191 542 4248; x_wconf 85' lang='lat' dir='ltr'>Oai.</span> <span class='ocrx_word' id='word_1_396' title='bbox 562 4194 720 4249; x_wconf 90' lang='lat' dir='ltr'>Decembris</span> <span class='ocrx_word' id='word_1_397' title='bbox 738 4195 895 4250; x_wconf 88' lang='lat' dir='ltr'>dedicatum</span> <span class='ocrx_word' id='word_1_398' title='bbox 914 4202 956 4250; x_wconf 89' lang='lat' dir='ltr'>est</span> <span class='ocrx_word' id='word_1_399' title='bbox 973 4197 1025 4251; x_wconf 90' lang='lat' dir='ltr'>hoc</span> <span class='ocrx_word' id='word_1_400' title='bbox 1044 4214 1181 4252; x_wconf 90' lang='lat' dir='ltr'>summum</span> <span class='ocrx_word' id='word_1_401' title='bbox 1199 4195 1286 4248; x_wconf 78' lang='lat' dir='ltr'>altare</span> 
     </span>
     <span class='ocr_line' id='line_1_49' title="bbox 166 4261 1285 4335; baseline 0.004 -22"><span class='ocrx_word' id='word_1_402' title='bbox 166 4277 182 4313; x_wconf 88' lang='lat' dir='ltr'>a</span> <span class='ocrx_word' id='word_1_403' title='bbox 206 4261 356 4315; x_wconf 81' lang='lat' dir='ltr'>venerabili</span> <span class='ocrx_word' id='word_1_404' title='bbox 381 4261 531 4333; x_wconf 89' lang='lat' dir='ltr'>Rudolpho</span> <span class='ocrx_word' id='word_1_405' title='bbox 556 4264 700 4321; x_wconf 89' lang='lat' dir='ltr'>Basiliensi</span> <span class='ocrx_word' id='word_1_406' title='bbox 725 4267 853 4335; x_wconf 88' lang='lat' dir='ltr'>episeopo</span> <span class='ocrx_word' id='word_1_407' title='bbox 878 4268 906 4321; x_wconf 92' lang='lat' dir='ltr'>in</span> <span class='ocrx_word' id='word_1_408' title='bbox 931 4268 1035 4322; x_wconf 89' lang='lat' dir='ltr'>honore</span> <span class='ocrx_word' id='word_1_409' title='bbox 1060 4269 1184 4322; x_wconf 90' lang='lat' dir='ltr'>omnium</span> <span class='ocrx_word' id='word_1_410' title='bbox 1210 4281 1285 4319; x_wconf 88' lang='lat' dir='ltr'>sanc·</span> 
     </span>
     <span class='ocr_line' id='line_1_50' title="bbox 165 4335 1286 4409; baseline 0.002 -24"><span class='ocrx_word' id='word_1_411' title='bbox 165 4335 258 4385; x_wconf 88' lang='lat' dir='ltr'>torum</span> <span class='ocrx_word' id='word_1_412' title='bbox 276 4335 327 4388; x_wconf 89' lang='lat' dir='ltr'>etc.</span> <span class='ocrx_word' id='word_1_413' title='bbox 401 4335 428 4404; x_wconf 87' lang='grc'>6)</span> <span class='ocrx_word' id='word_1_414' title='bbox 449 4337 492 4400; x_wconf 81' lang='lat' dir='ltr'>Cf.</span> <span class='ocrx_word' id='word_1_415' title='bbox 512 4337 617 4389; x_wconf 81' lang='lat' dir='ltr'>Schutte</span> <span class='ocrx_word' id='word_1_416' title='bbox 637 4338 653 4392; x_wconf 88' lang='lat' dir='ltr'>l.</span> <span class='ocrx_word' id='word_1_417' title='bbox 667 4353 687 4393; x_wconf 88' lang='lat' dir='ltr'>c.</span> <span class='ocrx_word' id='word_1_418' title='bbox 760 4338 787 4408; x_wconf 83' lang='grc'>7)</span> <span class='ocrx_word' id='word_1_419' title='bbox 806 4339 892 4406; x_wconf 79' lang='lat' dir='ltr'>Usque</span> <span class='ocrx_word' id='word_1_420' title='bbox 909 4341 946 4392; x_wconf 84' lang='lat' dir='ltr'>ad</span> <span class='ocrx_word' id='word_1_421' title='bbox 964 4346 1083 4409; x_wconf 86' lang='lat' dir='ltr'>tempora</span> <span class='ocrx_word' id='word_1_422' title='bbox 1098 4338 1286 4391; x_wconf 78' lang='lat' dir='ltr'>Grandidierii</span> 
     </span>
     <span class='ocr_line' id='line_1_51' title="bbox 165 4403 1328 4474; baseline 0.002 -20"><span class='ocrx_word' id='word_1_423' title='bbox 165 4403 323 4456; x_wconf 80' lang='lat' dir='ltr'>Burebardi</span> <span class='ocrx_word' id='word_1_424' title='bbox 340 4407 506 4474; x_wconf 79' lang='lat' dir='ltr'>epitaphium</span> <span class='ocrx_word' id='word_1_425' title='bbox 523 4410 553 4461; x_wconf 84' lang='lat' dir='ltr'>in</span> <span class='ocrx_word' id='word_1_426' title='bbox 575 4409 680 4460; x_wconf 79' lang='lat' dir='ltr'>emissio</span> <span class='ocrx_word' id='word_1_427' title='bbox 699 4410 871 4462; x_wconf 78' lang='lat' dir='ltr'>Martaeensi</span> <span class='ocrx_word' id='word_1_428' title='bbox 893 4411 1049 4464; x_wconf 80' lang='lat' dir='ltr'>uidebatur:</span> <span class='ocrx_word' id='word_1_429' title='bbox 1072 4410 1155 4464; x_wconf 83' lang='lat' dir='ltr'>Anno</span> <span class='ocrx_word' id='word_1_430' title='bbox 1174 4406 1284 4462; x_wconf 90' lang='lat' dir='ltr'>Domini</span> <span class='ocrx_word' id='word_1_431' title='bbox 1302 4417 1328 4456; x_wconf 79' lang='lat' dir='ltr'>oo</span> 
     </span>
    </p>
   </div>
   <div class='ocr_carea' id='block_1_11' title="bbox 0 0 1490 4950">
    <p class='ocr_par' dir='ltr' id='par_1_13' title="bbox 0 0 1490 4950">
     <span class='ocr_line' id='line_1_52' title="bbox 0 0 1490 4950; baseline 0 0"><span class='ocrx_word' id='word_1_432' title='bbox 0 0 1490 4950; x_wconf 95' lang='lat' dir='ltr'> </span> 
     </span>
    </p>
   </div>
  </div>
 </body>
</html>
