2970 4950
434 431 615 488 melius
633 430 923 489 MARBAOENSES.
1204 435 1240 489 43

120 609 267 664 ducatu
291 609 462 663 Saxonis
488 613 652 679 accepto
677 626 792 663 uxorem
818 608 923 664 duxit1.
966 609 1083 663 Alter
1106 593 1386 696 filiusfssfflifd·

120 680 156 734 id
177 684 232 735 est
249 680 377 750 Welpho,
394 679 467 734 fnit
485 680 613 749 princeps
631 679 765 746 Sardinie,
784 679 840 732 dux
858 678 972 748 Spoleti,
991 679 1114 734 marchio
1133 679 1240 736 Tuscie.

227 750 302 807 Sed
329 752 428 805 unde
456 751 633 821 digressi
660 768 788 804 sumus
815 754 1073 807 revertamur.
1118 749 1352 820 fleis-urs.

119 823 205 878 rico
229 823 475 891 imperatore
499 821 709 890 defuncto,
734 824 775 875 ut
799 821 947 875 dictum
973 821 1059 890 ew,
1084 821 1240 876 Lotharius

88 911 187 968 odux
216 909 359 964 Saxonum
395 911 424 963 in
459 928 554 981 regem
590 909 735 980 eligitur.
791 902 884 975 Quod
921 904 1068 962 Lothario
1105 921 1240 979 regnum

121 996 232 1052 datum
271 993 334 1051 fuit
372 985 414 1066 [et
447 985 651 1065 heredibus²l
691 993 889 1067 imperatoris
926 1009 991 1049 non
1029 997 1079 1051 est
1116 993 1238 1063 datum,

120 1083 179 1141 hec
206 1099 302 1140 causa
329 1081 401 1139 fuit.
450 1086 629 1141 Heinrico
659 1087 885 1156 imperatore
915 1086 1064 1141 vivente
1093 1086 1240 1156 imperium

121 1158 267 1228 scinditur;
298 1157 397 1228 [quaeb
428 1158 543 1212 scissura
572 1162 629 1212 tam
659 1158 759 1228 gra]via
790 1157 857 1224 fuit,
888 1162 919 1211 ut
948 1162 1041 1227 preter
1068 1157 1354 1225 Fridericumu.r,12.

120 1229 219 1285 ducem
246 1230 415 1297 fratremque
439 1246 518 1282 suum
544 1228 764 1283 Ounradum
791 1232 819 1282 et
844 1227 1025 1283 Godeiridum
1053 1227 1235 1298 [palatinumb

76 1317 102 1356 ro
121 1301 258 1370 comitem]
271 1300 364 1354 Rheni
381 1301 429 1355 vix
447 1300 532 1369 aliqui
551 1317 585 1354 ex
602 1298 771 1369 principibus
790 1299 901 1367 fuerint,
920 1299 968 1368 qui
984 1299 1104 1369 principi
1121 1316 1170 1353 suo
1184 1317 1240 1354 non

120 1371 359 1428 rebellaverint.
389 1369 498 1496 βιοῦ)
516 1374 544 1425 et
562 1374 663 1439 quanta
682 1371 757 1440 ergo]
775 1369 833 1424 dux
845 1369 1000 1424 Suanorum
1017 1371 1062 1425 vel
1075 1370 1240 1439 imperatore

120 1445 247 1514 presente
271 1443 315 1496 vel
340 1443 369 1496 in
418 1442 485 1496 talia
508 1445 634 1495 morante
659 1442 721 1495 stilo
746 1445 813 1494 tnnc
839 1440 923 1511 digna
947 1442 1069 1512 gesserit,
1093 1444 1152 1496 tota
1176 1458 1239 1510 pro-

120 1515 210 1568 vmcia
228 1531 244 1567 a
261 1512 370 1567 Besilea
387 1529 473 1582 usqne
491 1511 645 1595 Magantia,
671 1512 719 1566 ubi
736 1511 857 1565 maxima
875 1513 915 1567 vis
933 1513 1012 1582 regni
1031 1529 1088 1567 esse
1110 1513 1239 1580 noscitur,

120 1585 155 1640 ab
182 1583 400 1653 antiquioribus³
425 1588 577 1637 nostris
605 1583 694 1637 adhuc
720 1583 750 1635 in
779 1584 913 1636 memoria
942 1583 1104 1640 habetur.
1148 1582 1241 1653 Igitur
1249 1600 1354 1649 sarra.

76 1687 102 1727 1⁶
120 1672 248 1726 omnibus
282 1671 356 1739 circa
384 1671 513 1726 Rhenum
544 1671 580 1725 ed
615 1675 713 1726 nutum
749 1689 828 1725 suum
864 1672 1017 1741 inclinatis,
1054 1665 1239 1724 Gebehardo

120 1755 344 1830 Argentinensi
389 1748 560 1830 episcopo*
600 1763 638 1814 et
672 1760 792 1814 Alberto
828 1758 993 1830 Magsmtiuo
1035 1761 1239 1830 archiepiscopo

120 1832 224 1886 bellum
244 1831 385 1900 indicit,
403 1833 514 1886 vastatis
538 1831 845 1899 circumquaque
868 1830 1057 1886 omnibus.
1093 1831 1354 1897 Heinricusso.1‚1o.

120 1902 259 1972 itaque
284 1903 441 1972 imperator,
459 1901 594 1956 revocatis
611 1902 641 1956 in
657 1919 754 1973 pacem
780 1902 827 1971 qui
851 1905 930 1956 erant
955 1902 980 1955 ei
1005 1902 1143 1970 oppositie
1165 1903 1239 1971 prin·

120 1973 235 2043 cipibus,
253 1974 340 2028 libere
358 1975 462 2042 potitus
480 1973 595 2043 imperio
617 1973 691 2042 apud
715 1972 828 2027 inferius
847 1972 1004 2027 Traiectum
1030 1973 1074 2026 ob
1085 1972 1133 2026 iit
1144 1973 1163 2028 ⁶.
1199 1972 1240 2026 At
1248 1989 1353 2039 so.r,1a.

74 2059 102 2098 ao
120 2044 283 2113 imperatrix
293 2043 446 2112 Methildis,
458 2043 584 2098 Heinrici
601 2043 673 2115 regis
685 2044 841 2114 Anglorum
858 2043 923 2112 filia,
941 2044 1046 2114 regalia
1062 2042 1092 2097 in
1102 2047 1239 2112 potestate

120 2133 169 2169 sua
186 2115 314 2171 habebat.
349 2114 440 2184 Quam
457 2115 596 2183 predictus
614 2115 833 2184 archiepiscopus
851 2112 996 2169 multis(1
1014 2114 1239 2183 promissionibus

121 2185 155 2239 ad
174 2186 227 2240 sibi
244 2186 377 2241 tradenda
394 2187 498 2256 regalia
515 2185 632 2242 induxit.
662 2184 753 2256 Igitur
765 2185 898 2239 Albertus
909 2217 945 2226 —
956 2203 1021 2239 nam
1040 2185 1069 2239 id
1084 2185 1160 2253 iuris,
1172 2185 1238 2239 dum
1247 2201 1276 2241 se.
1287 2201 1350 2251 1,st

120 2274 237 2326 regnum
254 2261 342 2325 vacat,
354 2256 513 2327 Magimtini
530 2257 726 2326 archiepiscopi
745 2257 779 2310 eb
794 2257 992 2324 antiquioribus
1004 2273 1061 2311 esse
1072 2256 1192 2311 traditur
1205 2288 1238 2296 -

120 2327 255 2452 principes
273 2327 353 2398 regni
370 2328 400 2381 in
416 2327 475 2397 ipsa
494 2328 604 2382 civitate
617 2326 781 2397 Maguntina
793 2330 927 2381 convocat
939 2327 1127 2395 malorumque
1141 2345 1156 2380 a
1169 2326 1239 2381 duce

75 2412 102 2452 ao
144 2397 263 2453 riderico
282 2399 333 2453 sibi
350 2399 491 2452 illatorum
509 2400 576 2452 hant
596 2399 739 2466 inmemor,
758 2416 820 2452 cum
838 2397 976 2467 predictus
995 2398 1052 2452 dux
1069 2399 1105 2452 ad
1122 2415 1238 2467 regnum

122 2486 139 2523 a
156 2469 250 2522 multis
269 2473 471 2539 exposceretur,
490 2469 548 2539 ipse
565 2469 730 2523 Lotharium
748 2468 847 2523 ducem
865 2468 1013 2538 Saxonum,
1032 2469 1122 2524 virum
1145 2474 1239 2523 tamen

121 2557 155 2595 ex
172 2540 317 2609 probitatis
335 2541 469 2595 industria
491 2541 565 2594 omni
586 2540 690 2594 honore
708 2540 831 2610 dignum,
850 2540 879 2593 in
902 2558 997 2611 regem
1023 2557 1039 2594 a
1064 2541 1168 2595 cunctis
1192 2541 1238 2609 qui

120 2611 234 2666 aderant
251 2611 420 2680 principibus
438 2611 504 2679 eligi
521 2611 664 2681 persuasit,

227 2680 287 2751 Qne
305 2700 349 2736 res
366 2681 541 2737 laudabiliter
558 2682 632 2736 facte
649 2681 808 2751 gravisme
827 2686 920 2735 tamen
938 2683 1052 2737 scissure
1064 2681 1240 2737 seminarium

75 2766 102 2806 ao
121 2751 210 2807 denuo
229 2752 290 2810 fuit.
325 2752 399 2807 Nam
416 2753 556 2822 predictus
573 2753 700 2822 princeps
719 2752 830 2807 consilio
854 2752 975 2806 eiusdem
993 2753 1105 2809 Alberti
1122 2752 1239 2824 Magan-

120 2822 172 2877 tini
199 2824 319 2892 episcopi
345 2823 468 2877 nondum
495 2823 559 2877 odio
589 2825 618 2877 in
647 2823 762 2878 heredes
791 2824 964 2894 imperatoris
991 2823 1117 2879 Heinrici
1146 2823 1240 2878 saciati

119 2893 291 2948 Fridericum
303 2894 402 2949 ducem
415 2895 611 2965 [fratremqueo
628 2912 707 2948 suum
720 2893 877 2948 conradum
892 2896 1072 2965 persequitur.
1102 2895 1239 2949 Dissensio
1248 2911 1276 2952 se.
1288 2911 1308 2960 r,
1319 2912 1353 2950 21.

120 2965 204 3034 igitur
226 2965 299 3020 inter
316 2965 480 3019 Lotharium
498 2967 692 3034 imperatorem
718 2969 752 3020 et
769 2965 942 3020 Fridericum
960 2966 1068 3036 ducem]
1094 2983 1165 3036 pene
1189 2983 1239 3035 per

120 3035 216 3090 decem
234 3053 319 3090 annos
342 3035 504 3105 protractaf
525 3037 670 3106 imperium
693 3037 833 3104 quiescere
852 3054 908 3091 non
926 3037 1078 3093 sinebat.
1116 3036 1240 3105 Qualiter

75 3119 101 3159 35
121 3110 214 3160 autem
232 3107 268 3160 ad
285 3107 414 3160 ultimum
431 3111 561 3177 pacatum
579 3107 671 3176 fuerit,
690 3111 718 3161 et
736 3111 804 3177 quot
820 3110 847 3161 et
866 3111 967 3176 quanta
979 3107 1112 3160 virtutum
1123 3107 1240 3176 insignia

120 3176 267 3231 Isotharina
296 3177 451 3247 reliquerit,
483 3178 542 3247 qui
578 3179 673 3233 scire
709 3178 898 3233 desiderat
930 3179 1086 3246 hystoriam
1122 3178 1238 3246 ipsius

119 3248 248 3318 legat⁰.
284 3248 417 3318 Itaque
436 3249 609 3303 dissensionis
626 3253 751 3318 tempore
769 3248 925 3303 Fridericus
942 3249 1008 3317 dux,
1026 3252 1135 3302 mortua
1153 3264 1238 3302 uxore
1247 3265 1276 3305 so.
1287 3264 1308 3314 1,
1318 3266 1352 3305 as.

120 3335 169 3372 sua
187 3317 301 3389 *Iudita,
319 3319 454 3375 Friderici
472 3319 581 3374 comitis
600 3320 634 3374 de
652 3320 800 3388 Sarburch,
818 3320 910 3373 fratris
922 3319 1034 3373 Alberti
1045 3318 1278 3388 Maguntinir'r.
1289 3336 1345 3379 rss‘.

121 3390 249 3461 episcopi,
258 3389 344 3444 filium
352 3391 491 3461 Agnetem
501 3406 615 3445 uxorem
625 3390 704 3444 duxit
716 3391 751 3444 ab
765 3388 880 3462 [eaqueb
893 3389 1061 3462 Oun]redum
1072 3390 1238 3459 palatinum

73 3549 101 3588 40
120 3550 141 3602 s)
156 3553 179 3590 et
192 3547 271 3591 heredi
279 3551 386 3598 eoamm
400 3555 424 3590 at
437 3551 466 3598 cf.
481 3551 543 3599 infra
556 3552 571 3590 l.
582 3551 616 3591 31.
670 3551 694 3604 b)
708 3563 770 3592 rores
782 3552 862 3591 deletas
875 3562 902 3590 ee
916 3551 1000 3590 Ottons'a
1009 3551 1079 3590 Gestis
1087 3551 1150 3589 Frs'd.
1165 3551 1236 3598 suppl.

120 3605 140 3651 c)
155 3604 264 3652 oppositis
277 3615 295 3643 c.
350 3601 374 3655 d)
387 3605 450 3643 telsis
460 3604 595 3644 Geatanid.
650 3606 672 3652 e)
686 3603 765 3645 ducem
774 3615 833 3654 pene
842 3616 869 3655 a,
879 3605 1005 3655 quibasdam
1014 3604 1100 3643 roribus
1108 3604 1238 3652 negligentia

120 3657 219 3704 emisam
232 3657 336 3695 Wlmcssa
348 3658 499 3706 persequitur.
524 3658 638 3697 Dissenslo
652 3659 764 3708 supplevit.
790 3659 894 3708 Equidem
907 3662 988 3697 textum
1001 3668 1028 3696 ex
1042 3658 1113 3696 Gestis
1125 3657 1188 3696 Μ.
1207 3657 1239 3695 tta

119 3710 212 3759 restitut,
226 3714 249 3749 ut
262 3720 325 3750 mor
337 3711 425 3749 librarii
438 3711 508 3751 nostri
520 3712 584 3759 facile
597 3712 725 3759 replicans.
778 3712 796 3763 l)
809 3716 924 3761 pertracta
938 3723 957 3751 c.

120 3831 148 3901 1)
160 3833 209 3884 Ec
223 3832 326 3887 Odonr'a
339 3835 425 3887 Gestis
436 3835 515 3890 Frs'd.
529 3835 553 3902 I,
567 3850 588 3889 c.
602 3836 645 3891 19.
711 3835 739 3902 2)
754 3834 796 3898 of.
809 3850 896 3901 supro
907 3852 937 3903 p.
950 3838 993 3900 41,
1011 3836 1028 3890 l.
1043 3836 1085 3891 18.
1151 3833 1179 3904 3)
1194 3834 1237 3899 Cf.

73 3912 101 3951 4⁶
121 3904 224 3956 orionis
243 3905 324 3958 Gesta
341 3906 420 3960 Frid.
439 3906 465 3972 I,
487 3922 508 3961 c.
526 3908 552 3962 8.
572 3908 615 3961 17.
702 3907 731 3972 4)
751 3905 804 3958 Hic
821 3921 875 3958 aon
893 3910 959 3958 reete
978 3906 1128 3958 Gebahards‘
1144 3909 1239 3958 mentio

119 3975 159 4040 fit,
178 3978 226 4042 qui
245 3976 350 4028 &snum
375 3991 448 4029 anno
467 3978 544 4034 1131.
567 3979 704 4043 epiecopus
728 3979 881 4029 comitiatus
898 3982 950 4036 sst;
974 3977 1111 4030 chrontsta
1130 3978 1238 4044 proelio

121 4048 191 4097 anni
208 4048 285 4103 1117.
304 4063 363 4099 cum
379 4063 473 4114 pugno
494 4050 562 4099 anni
580 4049 659 4114 1136,
677 4062 758 4114 quam
782 4050 813 4098 ia
830 4047 983 4100 Annalibus
1000 4047 1238 4115 Arpeats‘nenaibua

119 4117 516 4242 ‘mpiemfbist‘iffi‘imt
527 4118 703 4244 ‘limittit
724 4118 1240 4243 'iitdtssttwf'ddi'dim

74 4267 101 4306 oo
119 4188 290 4324 Ξὲννατοξῗί.
309 4275 396 4327 supra
412 4228 497 4328 psdl',
515 4260 531 4312 l.
545 4227 588 4317 ld.
657 4259 685 4328 6)
703 4226 841 4326 inpriore
859 4257 980 4326 hystoria
998 4259 1103 4313 dictum
1120 4259 1239 4314 sufficiat

120 4330 194 4397 aprrd
214 4329 339 4398 Otiosum,
358 4334 407 4398 qui
423 4331 460 4383 ad
473 4331 623 4384 Chronicon
640 4347 719 4382 suum
736 4336 842 4397 spectat.
871 4332 917 4383 Aa
935 4337 959 4383 et
975 4331 1114 4384 chremem
1129 4330 1238 4386 Habea·

120 4400 261 4466 burgensis
278 4403 347 4453 idem
365 4416 432 4469 opus
448 4401 661 4468 ripnificacers't?
