2970 4950
235 452 327 540 'XVI
697 450 926 507 PRAEFATIO.

255 657 276 699 a
291 634 459 717 prioribus
481 634 685 716 scriptoribus
707 634 834 700 relictas
856 641 927 716 apte
949 636 1107 716 explerent
1135 640 1165 698 et
1196 637 1235 700 ab
1262 635 1368 701 initiis

254 723 400 806 Pbilrppi
422 723 516 806 repis,
539 723 576 788 in
598 723 711 804 quibus
727 722 907 788 Annalium
928 721 1141 803 imperialium
1157 723 1368 805 Arpentinen·

253 811 335 876 sium
358 834 388 877 0.
415 819 510 876 1200.
538 811 685 877 narratio
707 810 808 891 desiit,
832 832 928 893 usqne
951 813 995 875 od
1019 831 1188 894 prosperos
1210 833 1368 878 successus

253 900 420 966 Friderici
443 901 495 981 II,
527 923 548 965 a
577 900 689 981 quibus
724 898 927 965 Continuatio
950 900 1184 981 Neoburpensis
1214 923 1245 966 0.
1272 908 1367 965 1213.

252 989 382 1054 initium
402 989 489 1072 cepit,
507 995 696 1072 perpetuam
712 988 877 1054 historiam
893 994 1096 1069 contenerent,
1120 990 1225 1054 breoes
1238 991 1368 1056 ultimos
1385 1014 1400 1054 s

160 1155 168 1163 .
253 1078 422 1142 relationes
450 1078 604 1143 Oronicae
626 1076 905 1159 Holenburpensn's
928 1079 972 1142 ad
993 1083 1365 1143 0.1202.1208.1209.

255 1174 349 1232 1210.
376 1173 471 1231 1212.
502 1166 669 1248 dilipenter
698 1165 795 1230 secuti
824 1172 853 1230 et
874 1171 1026 1247 pnontum
1046 1172 1176 1246 possent
1196 1174 1365 1232 seruantes.

259 1255 348 1321 Unde
377 1255 498 1335 factum
528 1261 580 1336 est,
615 1261 651 1318 ut
682 1254 749 1319 eius
773 1253 891 1337 partis,
919 1273 999 1334 puae
1028 1254 1193 1319 bistoriam
1219 1255 1367 1337 Pbilippi

251 1343 336 1425 repis
351 1343 569 1424 complectitur,
586 1345 680 1408 00000
695 1349 799 1407 noster
815 1341 1050 1424 Neoburpensis
1066 1342 1133 1424 ipse
1151 1345 1366 1425 autoprapbns

251 1431 302 1496 sit.
343 1433 457 1497 Scriba
472 1432 504 1496 A
526 1431 678 1514 imprimis
699 1431 737 1496 in
759 1430 911 1496 relatione
934 1433 971 1496 de
994 1431 1086 1496 curia
1108 1431 1366 1515 Babenberpensi
1385 1458 1411 1498 ιο

251 1522 296 1586 00
317 1527 462 1586 01199.
487 1520 594 1586 minus
609 1527 689 1586 recte
712 1521 833 1585 inserta
855 1527 884 1584 et
905 1519 942 1584 in
957 1519 1092 1585 bistorio
1107 1520 1261 1603 Pbilippi,
1285 1542 1366 1603 0000

251 1610 295 1673 00
319 1631 350 1673 0.
376 1615 469 1674 1201.
500 1608 683 1674 inordinate
713 1608 991 1691 comprehenditur,
1022 1615 1138 1674 tentum
1167 1611 1308 1675 radendo
1337 1617 1367 1676 et

251 1698 435 1779 corripendo
451 1698 585 1778 confecit
593 1699 613 1778 1,
629 1704 665 1762 ut
679 1697 731 1762 bis
747 1697 823 1762 loeis
839 1697 918 1762 liber
932 1696 1098 1776 manifeste
1113 1697 1244 1779 speeiem
1260 1699 1365 1764 arebe-

250 1786 317 1868 tppi
343 1788 506 1869 praebeat.
558 1786 635 1852 (lum
669 1786 818 1851 narratio
852 1809 881 1851 0.
913 1792 1007 1850 1208.
1042 1793 1107 1851 tota
1140 1807 1179 1851 en
1212 1787 1364 1853 relatione

249 1897 280 1939 0.
308 1881 402 1940 1201.
421 1877 568 1957 pendeat,
591 1896 656 1939 non
678 1882 723 1940 est
745 1874 882 1956 dubium,
912 1874 991 1956 puin
1014 1896 1051 1939 ea
1073 1896 1191 1957 puopne
1213 1882 1278 1941 tum
1294 1877 1363 1958 pri·
1382 1901 1408 1940 15

248 1985 333 2028 mum
356 1964 549 2046 scriptasit.
600 1965 687 2046 Quae
710 1963 865 2029 librarius
886 1963 920 2028 B
943 1964 987 2028 00
1008 1985 1037 2028 0.
1065 1970 1160 2029 1211.
1189 1967 1226 2030 de
1248 1987 1362 2031 encom-

248 2053 461 2118 municatione
488 2053 611 2119 Ottouis
632 2052 842 2135 imperatoris,
867 2054 911 2117 00
932 2074 963 2115 0.
990 2058 1085 2116 1212.
1109 2055 1146 2118 de
1169 2054 1362 2135 expeditione

241 2163 425 2223 puerorum,
450 2144 487 2207 de
509 2141 623 2207 itinere
646 2141 735 2207 ducis
750 2141 912 2222 Austriae,
936 2142 974 2205 de
996 2143 1133 2207 odoentn
1147 2142 1312 2208 Frideriei
1334 2149 1363 2208 et

247 2232 285 2295 00
312 2230 435 2296 Ottouis
457 2231 543 2297 clade
565 2230 755 2296 Brisoceusi
777 2230 880 2312 affert,
907 2236 1014 2294 utrum
1036 2229 1103 2295 iam
1125 2230 1162 2295 00
1188 2231 1290 2297 codice
1313 2233 1361 2298 de·

240 2319 368 2400 perdito
396 2317 549 2385 00000000
578 2319 689 2384 addita
710 2319 835 2399 fuerint
855 2320 980 2399 neene2,
1005 2318 1041 2384 in
1062 2319 1163 2384 medio
1184 2319 1360 2400 relinpuo³.
1379 2345 1406 2383 20

353 2408 420 2473 His
434 2408 578 2473 omnibus
592 2407 722 2472 insertis
741 2409 789 2472 oel
804 2410 841 2472 00
863 2428 942 2471 nouo
964 2406 1085 2472 additis
1106 2428 1182 2488 opus
1203 2406 1360 2490 inteprum

247 2498 286 2561 ab
310 2518 341 2560 0.
362 2503 436 2559 631.
459 2516 556 2576 usqne
579 2498 624 2561 00
645 2501 789 2560 01238.
812 2495 849 2559 00
871 2496 955 2560 bunc
976 2497 1101 2560 modum
1123 2497 1283 2560 redactum
1306 2504 1358 2579 est,

246 2604 306 2665 000
340 2605 426 2649 nunc
459 2585 546 2649 nullo
579 2584 682 2666 spatio
716 2583 893 2649 intermisso
921 2583 958 2648 in
987 2583 1090 2649 codice
1112 2584 1243 2649 Ieueusi
1271 2585 1358 2667 lepis.

251 2672 312 2754 Qui
357 2671 525 2738 00000000
562 2679 813 2738 retractaverunt
850 2679 940 2738 tanta
985 2672 1196 2738 admiratione
1232 2673 1360 2755 imperii

245 2761 388 2827 Romani
403 2763 447 2826 00
465 2761 648 2827 Teutonicos
663 2761 834 2826 translati4
850 2761 960 2826 imbuti
975 2768 1076 2842 erant,
1099 2769 1135 2826 ut
1148 2783 1218 2827 eam
1233 2761 1359 2844 saepius
1377 2787 1404 2826 25

245 2849 283 2914 in
297 2849 534 2915 Additamentis
548 2850 652 2915 uerbis
666 2849 734 2914 sais
748 2849 966 2931 enprimerent.
1001 2850 1195 2916 Memoriam
1210 2851 1359 2935 Pleilippi

245 2937 330 3021 repis
352 2938 462 3020 suique
484 2939 655 3024 temporis⁵
677 2938 812 3018 fideliter
826 2939 1022 3020 retinebant,·
1045 2939 1158 3020 neseio,
1183 2961 1227 3005 00
1242 2940 1358 3005 Albero

245 3028 351 3108 abbas,
380 3027 435 3109 000
464 3029 504 3093 ab
535 3051 566 3094 0.
593 3035 687 3093 1213.
718 3027 786 3107 fere
809 3030 853 3093 ad
874 3049 904 3092 0.
931 3034 1025 3092 1245.
1049 3027 1194 3094 coenobio
1209 3028 1360 3113 praefuit

245 3123 382 3198 eertepne
406 3116 493 3198 operi
515 3116 663 3183 historico
687 3138 708 3180 a
725 3115 882 3195 fratribus
904 3123 1042 3198 suscepto
1064 3116 1148 3196 facit
1169 3139 1207 3183 ae
1228 3117 1356 3199 studuit,

244 3293 313 3344 tione
324 3307 404 3343 saera
414 3294 496 3357 pestis
508 3298 531 3344 et
542 3294 573 3343 in
585 3291 668 3344 Iibro
680 3291 853 3357 enpeditionis
867 3291 975 3357 plenius
986 3292 1125 3358 desem‘ptis
1142 3293 1183 3344 od
1194 3293 1230 3342 ad
1242 3308 1266 3346 o.
1278 3294 1354 3346 1170.
1377 3307 1403 3347 30

244 3364 275 3413 00
283 3363 406 3428 Lepeuda
419 3363 441 3417 b.
455 3363 569 3415 Tleomm
581 3365 686 3430 eiusque
697 3363 837 3414 miraculis
846 3368 1012 3427 praeteream
1024 3363 1070 3426 (ef.
1081 3377 1172 3414 comm.
1182 3381 1210 3430 p.
1222 3364 1280 3429 116,
1293 3379 1319 3416 n.
1331 3365 1355 3417 2.

244 3439 266 3484 et
280 3450 309 3500 p.
325 3437 384 3499 137,
403 3452 429 3488 0.
442 3437 482 3502 4),
496 3436 590 3502 pluris
602 3434 729 3498 faciende
746 3439 809 3486 sunt
827 3449 858 3484 00
873 3448 937 3496 0000
955 3433 1023 3484 idem
1040 3433 1130 3483 scribo
1142 3435 1168 3484 A
1186 3433 1222 3484 00
1240 3434 1356 3489 a.1180.

243 3505 274 3555 de
286 3505 413 3557 Heinrieo
425 3506 510 3558 Leom
526 3512 549 3557 et
567 3506 603 3556 00
616 3508 729 3560 o.1183.
743 3505 774 3556 00
785 3504 924 3556 schismate
935 3503 983 3554 sub
995 3504 1135 3556 Friderieo
1146 3505 1170 3558 Ι.
1183 3511 1274 3557 exorto
1291 3507 1358 3557 etde

244 3579 440 3641 oppupnatimoe
453 3578 658 3629 Alexandrinae
677 3578 790 3629 ciuitatis
808 3576 910 3628 adiecit.
942 3574 983 3639 Cf.
1002 3590 1092 3626 comm.
1106 3592 1137 3642 0.
1156 3578 1190 3632 68
1202 3593 1256 3643 sqq.
1284 3575 1358 3627 Nar-

243 3648 374 3698 rotimum
392 3649 423 3698 de
441 3650 577 3715 eruptione
589 3649 803 3700 Lombardorum
821 3649 851 3697 in
868 3647 972 3697 civitate
983 3647 1176 3698 Alexandrino
1194 3649 1358 3699 obsessorum
1376 3663 1402 3702 se

243 3719 272 3768 in
281 3721 319 3769 eis
327 3721 387 3784 niti,
400 3735 467 3785 puae
479 3721 572 3769 nuntii
581 3719 769 3771 monachornm
777 3717 1001 3782 Neobnrpensinm
1010 3717 1209 3772 FriderreumI.
1222 3726 1284 3770 tunc
1295 3721 1357 3770 oisi-

243 3793 341 3840 tcntem
359 3792 414 3855 ipsi
429 3791 544 3840 uiderint
562 3795 585 3841 et
602 3791 676 3841 dorni
692 3791 841 3853 retulerint,
866 3790 900 3842 A.
919 3787 1024 3840 Schulte
1043 3789 1060 3842 i.
1079 3804 1099 3842 e.
1119 3807 1147 3856 p.
1167 3792 1219 3845 532
1231 3807 1268 3856 sp.
1291 3797 1357 3841 recte

243 3861 346 3912 statuit.
382 3860 477 3911 Scriba
495 3860 520 3910 B
545 3862 582 3911 ad
608 3876 632 3914 a.
653 3863 730 3914 1220.
747 3861 831 3927 plura
848 3861 879 3910 00
896 3859 1025 3910 Heinrioo
1044 3858 1147 3924 (VII),
1173 3862 1208 3912 00
1233 3877 1258 3914 a.
1279 3862 1356 3915 1236.

243 3931 273 3980 00
292 3931 441 3995 captiuitate
464 3930 600 3983 Woloelini
617 3931 721 3982 sculteti
732 3945 823 3996 pauca
842 3930 954 3984 addidit.
1027 3930 1055 3998 1)
1074 3930 1147 3983 Haec
1172 3932 1209 3982 00
1233 3933 1355 3985 e.1199.

244 4000 325 4064 infre
342 4004 372 4051 in
391 4002 482 4052 tabula
502 4008 591 4068 aperte
609 4016 755 4068 capnoscas.
814 4001 842 4069 2)
862 4000 905 4064 Of.
919 4015 1009 4055 comm.
1025 4005 1128 4069 p.119,
1147 4019 1174 4057 0.
1187 4005 1212 4057 5.
1265 4004 1293 4067 3)
1314 4002 1354 4055 Ib.
1374 4015 1401 4054 40

242 4087 269 4136 0.
289 4074 339 4126 137
352 4088 405 4138 spp.
425 4075 578 4125 accuratius
595 4074 758 4137 inoestipooi‚
776 4088 842 4138 puae
859 4074 930 4124 ratio
948 4075 1018 4125 inter
1029 4075 1220 4124 Additamento
1238 4072 1356 4125 Neobnr·

242 4143 335 4207 pensio
353 4142 496 4196 bistmiom
513 4145 639 4211 Philippi
655 4149 678 4194 et
698 4142 799 4194 Ottouis
816 4145 986 4194 illustrantia
1003 4150 1027 4196 et
1042 4145 1181 4196 Granicum
1199 4143 1357 4194 Bureieardi

250 4212 436 4279 Ursberpensis
453 4216 615 4279 intercedct;
638 4216 746 4266 omnino
763 4229 817 4265 non
834 4214 1007 4278 refellendum
1032 4231 1086 4267 esee
1103 4216 1199 4281 opinor
1215 4219 1355 4266 censentem

245 4283 384 4335 Granicum
409 4286 567 4337 Burcleordi
589 4285 727 4338 muraenis
751 4285 979 4351 Neoburpensibus
1005 4290 1165 4351 arpumeuto
1182 4287 1355 4337 Additamen-

243 4360 331 4405 torum
346 4358 509 4423 praebuisse.
540 4356 592 4409 Sed
607 4357 670 4408 liaeo
679 4358 812 4421 praviora
829 4372 909 4422 quem
928 4372 995 4423 puae
1013 4356 1057 4407 bio
1075 4358 1112 4407 ad
1129 4358 1229 4408 exitum
1242 4357 1357 4423 perduci
1373 4369 1400 4408 45

239 4427 353 4492 possint.
391 4429 456 4480 Oum
473 4428 614 4480 Cronicam
632 4427 745 4492 edebam,
765 4429 885 4479 animum
903 4427 943 4478 ad
956 4427 1019 4478 boec
1036 4429 1155 4479 nondum
1172 4434 1353 4480 converteram.

243 4495 271 4565 4)
291 4497 331 4562 Cf.
351 4500 431 4563 infre
445 4515 474 4566 p.
494 4501 518 4554 8.
538 4501 573 4554 25
585 4515 622 4565 sq.
696 4497 723 4567 5)
743 4499 784 4563 Of.
803 4498 837 4552 ib.
852 4515 881 4565 p.
902 4499 936 4551 76
948 4514 1002 4564 sqq.
