2970 4950
469 437 651 493 ANNALES
669 436 960 496 MARBAOENSES.
1260 444 1276 498 7

264 617 347 670 Anno
375 616 512 671 dominica
539 616 731 670 incarnationis
749 615 946 670 DGOLVIIH.
964 615 1099 670 Sanctus¹
1120 617 1350 686 Othmarus,.r³srn.

158 688 218 757 qui
246 689 315 742 celle
342 687 429 742 sancti
447 688 519 742 Galli
537 687 643 757 primus
662 689 745 741 abbas
767 688 930 741 constitutus
948 687 1000 740 XL
1019 688 1096 741 annis
1113 693 1276 756 preerat,

158 758 302 813 aWarino
320 762 348 812 et
366 757 508 814 Rothardo
528 775 659 812 consensu
677 757 791 826 Sydonii
804 756 1069 812 Constantiensis²
1087 760 1207 829 episcopi
1225 761 1276 812 ini·

157 847 211 955 gne
232 829 400 912 'dampnatus
427 833 455 884 et
481 830 510 883 in
537 830 653 883 insulam
681 828 773 883 Rheni
796 828 896 883 Steina
920 830 1057 900 relegatus
1085 830 1214 900 migravit
1241 831 1277 885 ad

126 919 139 958 s
183 917 315 955 ominum.

264 977 398 1034 Eodem
426 996 517 1034 anno
541 979 690 1032 waifarius
717 978 889 1047 tyrannidem
916 979 945 1032 in
963 979 1113 1048 Aquitania
1138 982 1275 1050 exercuit;

158 1050 216 1105 eui
240 1051 421 1104 resistens
443 1049 576 1120 Pippinus
601 1068 662 1104 rex
680 1051 856 1103 Wasconiam
882 1067 930 1104 seu
954 1050 1132 1118 Aquitaniam
1156 1052 1276 1106 invasit

158 1126 186 1175 et
203 1126 397 1191 tyrannum
415 1121 514 1176 iniuste
532 1125 663 1191 usurpate
680 1121 731 1174 sub
750 1125 920 1175 sacramento
938 1121 1054 1176 reddere
1072 1121 1170 1193 coegit.

264 1209 376 1264 Finito⁸
403 1210 569 1279 Aquitanico
595 1210 678 1277 bello,
709 1209 782 1278 quod
812 1226 862 1279 per
893 1209 1035 1264 continuos
1064 1227 1164 1265 novem
1191 1224 1407 1266 annuariam.

114 1283 313 1352 ingerebatur,
340 1281 473 1350 Pippinus
497 1280 606 1338 XVII.4
631 1298 709 1334 anno
735 1280 842 1350 regni
868 1281 922 1334 sui
950 1281 1023 1350 apud
1051 1280 1171 1336 Parisino
1198 1283 1275 1350 obiit,
1284 1296 1350 1337 am.

157 1351 347 1422 superstitibus
364 1351 441 1406 filiis
459 1351 564 1406 Karolo
583 1351 713 1423 Magno⁶
732 1355 760 1406 et
778 1351 977 1421 Karlomanno,
1002 1352 1037 1406 ad
1058 1369 1125 1421 qnos
1143 1354 1349 1408 successionne.

157 1423 236 1494 regni
254 1423 347 1478 divino
364 1427 434 1477 nutu
451 1427 621 1492 pervenerat.
652 1422 752 1476 Franci
771 1423 780 1474 i
786 1423 888 1492 gitur
907 1422 980 1476 facto
998 1423 1121 1493 generali
1139 1428 1276 1478 conventu

158 1495 253 1549 ambos
271 1495 324 1548 sibi
341 1510 420 1565 reges
438 1493 609 1549 constituunt
635 1511 666 1547 ea
685 1493 851 1562 conditione,
870 1497 902 1547 ut
919 1498 1009 1547 totum
1027 1495 1106 1565 regni
1124 1511 1222 1564 eorpus
1241 1513 1276 1550 ex

158 1582 229 1634 equo
258 1565 434 1634 partirentur.
488 1565 692 1619 Karlomannus
728 1569 791 1634 post
826 1564 1056 1619 amministratum
1093 1566 1277 1620 communiter

113 1653 139 1693 rs
157 1637 269 1691 biennio
286 1654 317 1691 re
355 1654 403 1690 um
421 1637 519 1691 morbo
538 1636 661 1703 decessit,
690 1640 725 1689 et
743 1635 861 1691 Karalus
889 1637 974 1690 fratre
993 1636 1124 1691 defuncto
1143 1653 1276 1692 consensu

158 1707 280 1762 omnium
360 1725 475 1762 ncorum
501 1724 551 1762 rex
578 1707 759 1764 constituitur.
804 1706 870 1775 Qui
895 1707 1103 1778 Hyldegardam
1131 1708 1166 1761 de
1192 1712 1275 1779 gente
1284 1724 1385 1764 aare.

158 1777 320 1833 Swaborum
341 1779 473 1847 precipue
495 1778 646 1832 nobilitatis
668 1778 800 1832 feminam
827 1779 855 1831 in
882 1778 1087 1832 matrimonium
1115 1779 1221 1848 aceepit
1248 1783 1276 1833 et

156 1849 232 1904 tres⁶
258 1867 293 1904 ex
320 1866 353 1904 ea
379 1849 450 1903 filios
477 1850 580 1920 genuit,
608 1866 724 1918 quornm
746 1867 816 1902 unus
833 1850 984 1908 vocabatur
1001 1850 1113 1904 nomine
1130 1851 1216 1919 patris
1234 1851 1275 1903 sui
1285 1866 1379 1915 maa.

157 1921 286 1991 Karalus,
305 1921 375 1975 alter
392 1920 534 1990 Pippinus,
571 1920 600 1973 ui
619 1924 748 1990 postea
766 1920 887 1974 lactus
906 1924 959 1974 est
976 1937 1026 1975 rex
1044 1937 1126 1989 super
1143 1920 1275 1989 Ytaliam,

112 2009 140 2048 ao
157 1991 258 2047 tercius
275 2008 341 2046 vero
359 1993 510 2046 vocabatur
528 1937 700 2059 deewicus,
717 1991 765 2060 qui
791 1991 884 2044 fu*it
910 2008 960 2044 rex
987 2007 1068 2060 super
1088 1992 1315 2059 Aquitaniamnr.
1327 2008 1372 2051 uss.

157 2061 331 2118 Liberalibus
357 2062 505 2132 disciplinis
533 2066 561 2117 et
587 2062 733 2116 mundanis
754 2062 861 2132 legibus
882 2063 1035 2115 instruebat
1059 2078 1106 2116 eos
1133 2066 1168 2116 et
1193 2063 1419 2122 oum⁷1csnua1a

157 2135 251 2203 primo
269 2137 326 2188 etas
338 2135 507 2204 paciebatur,
525 2151 601 2188 more
613 2133 782 2187 Francorum
795 2133 926 2201 equitare,
945 2132 1027 2186 armis
1040 2149 1073 2186 ec
1084 2134 1274 2187 venationibus

157 2206 279 2330 {augeri
297 2204 380 2330 fetcitG
408 2204 476 2330 Il'res
494 2205 602 2259 etiam
626 2204 661 2259 de
678 2203 864 2274 Hyldegarda
888 2202 958 2257 filias
983 2203 1088 2271 habuit,
1106 2199 1384 2275 Rddrudem,ss.0.1s.

183 2281 225 2330 ert
245 2292 323 2330 ame
381 2277 419 2330 ise
431 2293 484 2333 am.

113 2381 140 2420 ss
264 2363 429 2418 Karolus
453 2363 590 2435 igiturb
617 2381 681 2433 per
706 2361 872 2417 XXXIII
900 2380 1011 2416 annos
1038 2363 1101 2417 sub
1132 2363 1276 2417 nomine

158 2437 257 2506 regis
276 2436 562 2538 circumffiuaque
581 2435 697 2488 fortia
714 2433 832 2504 gessit
856 2435 971 2502 bella,
999 2438 1036 2488 ut
1060 2434 1096 2488 in
1122 2451 1275 2502 sequen-

158 2507 256 2561 tibus
281 2506 448 2564 dicetur.

264 2594 401 2650 Romam⁹
426 2594 515 2650 veuit
541 2599 654 2664 propter
679 2594 852 2649 Leonem¹⁰
876 2611 994 2664 papam,
1020 2592 1081 2664 qui
1105 2611 1122 2648 a
1144 2593 1350 2652 Romanisnm.

158 2666 252 2736 lingua
284 2667 391 2735 precisa
427 2670 461 2720 et
497 2670 665 2720 excecatus
701 2667 729 2719 in
760 2665 909 2720 Saxoniam
946 2665 980 2718 ad
1017 2682 1092 2719 eum
1128 2664 1276 2735 perductus

114 2754 141 2794 so
160 2737 301 2807 fuerat3
332 2737 398 2790 ubi
426 2736 550 2791 Leonem
580 2737 615 2791 de
645 2738 677 2791 ei
705 2737 789 2791 illatis
819 2741 846 2791 et
876 2753 932 2789 non
965 2736 1088 2805 probatis
1118 2736 1276 2792 criminibus

159 2812 328 2861 sacramento
346 2812 506 2878 purgatum
531 2808 590 2862 sedi
608 2825 655 2862 sue
676 2808 796 2862 restituit
821 2825 853 2861 ac
877 2807 1079 2861 temerarios0
1101 2807 1178 2861 iuxta
1201 2807 1276 2878 leges

158 2878 298 2933 Romansu
322 2879 433 2948 capitali
460 2879 593 2933 sententie
621 2878 734 2947 addixit,
761 2878 809 2933 sed
836 2878 964 2947 precibus
991 2878 1112 2932 eiusdem
1130 2895 1202 2947 pape
1219 2879 1276 2932 vita

159 2966 287 3004 concessa
316 2949 345 3003 in
375 2950 489 3004 exilium
519 2966 565 3004 eos
595 2949 736 3020 relegavit.
792 2949 922 3018 Itaque
958 2966 1034 3003 eum
1064 2950 1134 3003 tanti
1163 2941 1402 3035 tamquelsffiw·

159 3020 258 3075 famosi
275 3021 328 3075 viri
345 3038 395 3090 per
412 3024 502 3075 totum
521 3021 616 3075 orbem
634 3025 770 3074 terrarum
795 3019 860 3074 fidei
886 3020 1064 3089 probitatisve
1091 3020 1166 3074 fama
1192 3036 1275 3089 per·
1311 3065 1313 3071 ,
1339 3024 1346 3045 '
1368 3022 1375 3036 ’

114 3109 140 3148 ao
160 3091 269 3160 volarit,
294 3091 414 3146 Romani
437 3092 657 3162 potentissimum
682 3091 839 3146 Rommum
863 3091 1017 3160 imperium,
1042 3091 1127 3144 immo
1153 3095 1181 3144 et
1205 3107 1276 3159 pape

159 3163 321 3217 electionem
351 3163 424 3217 sibi
452 3163 683 3232 prescripserunt.
734 3162 860 3233 Igitur
887 3163 1014 3232 precibus
1044 3161 1145 3216 beati
1174 3160 1276 3215 Leonis
1285 3175 1313 3214 o.
1325 3174 1346 3221 1,
1354 3173 1375 3212 4.

158 3250 231 3303 pape
259 3237 287 3288 et
312 3235 468 3303 principum
495 3234 574 3304 regni
598 3234 777 3303 omniumque
795 3234 945 3302 primatum
964 3232 1128 3303 admonitus,
1146 3234 1204 3285 tam
1222 3231 1276 3285 Dei

160 3321 242 3373 quam
269 3304 412 3359 hominum
438 3305 575 3360 voluntati
601 3305 773 3360 consentiens
800 3321 864 3358 cum
893 3320 994 3372 magno
1024 3301 1182 3357 universalis
1209 3301 1276 3356 cleri

158 3375 300 3444 plebisque
318 3375 440 3445 tripudio
457 3375 486 3429 in
505 3375 550 3430 die
567 3376 666 3429 natalis
682 3374 789 3429 domini
803 3374 891 3429 nostri
902 3373 985 3428 Ihesu
998 3372 1099 3427 Christi
1117 3389 1210 3427 anno
1228 3373 1275 3426 iu·

113 3463 141 3501 so
159 3447 387 3501 carnationis
406 3446 483 3501 eius
495 3445 637 3503 DOOGI.¹¹
657 3451 721 3501 ante
738 3446 824 3500 altare
841 3446 916 3499 beati
928 3444 1006 3499 Petri
1024 3444 1140 3514 apostoli
1152 3443 1241 3498 Rome
1260 3460 1276 3497 a

158 3679 181 3730 a)
195 3678 328 3719 Rhenlsrelu
341 3690 358 3720 c.
415 3677 438 3728 b)
453 3676 506 3718 dum
516 3683 568 3727 poet
582 3679 650 3727 lglrur
664 3678 705 3720 del.
761 3676 782 3728 e)
797 3681 942 3717 temeratores
956 3675 1059 3719 Bernold.

159 3893 186 3958 1)
218 3891 267 3942 Ex
296 3891 431 3944 Bernoldo
461 3892 498 3943 cd
529 3907 555 3946 a.
580 3894 641 3947 720.
666 3893 727 3948 759.
834 3889 863 3957 2)
895 3889 938 3954 Of.
969 3890 1066 3942 ibidem
1096 3889 1133 3941 ad
1164 3906 1189 3944 c.
1215 3891 1275 3945 740.

159 3965 186 4028 0)
214 3961 317 4014 Abhinc
341 3963 424 4017 Eiab.
442 3964 505 4015 Vita
522 3962 627 4014 Kuroli
649 3977 669 4016 c.
689 3965 713 4017 3.
803 3961 833 4031 4)
858 3959 899 4026 Of.
918 3959 1082 4013 Bernoldum
1107 3961 1144 4013 ad
1169 3977 1195 4016 a.
1215 3963 1276 4017 752.

158 4032 186 4102 5)
218 4033 259 4099 Of.
291 4033 385 4086 159070
415 4033 452 4085 cd
481 4035 589 4089 (1708.
697 4032 725 4103 6)
756 4036 812 4087 tres
836 4062 872 4071 -
897 4046 943 4085 eos
967 4033 1000 4099 (l.
1024 4034 1074 4099 21)
1098 4048 1131 4086 ec
1156 4033 1279 4099 IIispani

112 4124 139 4162 45
163 4105 225 4156 Vita
243 4103 399 4157 Hludowiri
422 4107 479 4159 0.4
504 4103 565 4170 (SS.
584 4103 625 4170 II,
648 4122 676 4172 p.
695 4106 769 4166 591).
842 4103 869 4170 7)
898 4119 961 4155 oum
986 4132 1017 4143 —
1042 4102 1107 4156 fecit
1134 4119 1168 4156 ccc
1192 4103 1275 4156 Esus.

164 4173 227 4227 Vita
254 4174 359 4227 Kcrols‘
384 4190 405 4229 c.
432 4176 474 4230 19.
581 4174 610 4245 8)
640 4175 681 4240 Of.
709 4176 789 4239 infru
811 4192 841 4242 p.
862 4176 904 4240 10,
931 4175 948 4228 l.
968 4177 993 4229 3.
1103 4173 1129 4243 9)
1157 4171 1277 4227 Romam

157 4245 233 4299 venit
258 4248 372 4314 propter
395 4249 429 4312 οἵ.
454 4245 537 4300 Eius.
563 4262 584 4305 o.
603 4248 646 4301 28.
735 4244 780 4315 10)
805 4244 909 4298 Abhiuc
934 4245 1085 4298 Bernolslus
1109 4245 1146 4296 ad
1170 4259 1195 4300 a.
1215 4245 1276 4299 799.

157 4319 218 4372 800.
237 4318 299 4373 801.
372 4315 417 4386 11)
435 4319 534 4370 Annus
551 4319 658 4372 incarn.
677 4332 710 4369 ac
727 4316 871 4370 Bernoldo.
