2970 4950
514 450 694 507 ANNALES
714 451 1003 512 MARBAOENSES.
1061 520 1063 525 Ι
1283 461 1317 515 53

200 633 360 717 episcopo
396 656 472 698 cum
509 657 634 718 magna
669 637 878 701 difficultate
909 643 1129 702 consecratur
1159 641 1195 702 in
1225 641 1404 704 fest01182.

201 723 311 786 saneti
328 724 447 788 Iacobi
471 726 628 808 apostoli.
660 726 787 789 Vinum
813 727 959 789 multum
984 731 1019 790 et
1043 729 1188 805 bonum;
1213 730 1416 794 hamanum.

200 811 414 875 vendebatur
437 835 498 896 pro
515 814 565 877 VI
590 815 738 878 denariis
762 816 1082 896 Argentinensibus.

306 902 408 964 Anno
432 902 573 966 Domini
602 903 873 966 nonxxxnr.
927 904 1142 969 olusianus
1173 887 1438 1006 magun-{Q

166 989 293 1052 stinus
317 991 593 1074 archiepiscopus
616 992 652 1054 in
676 991 794 1055 Ytalia
818 993 913 1056 obiit.
1385 985 1391 997 ’
1440 990 1445 998 ’

305 1078 435 1143 Eodem
471 1101 561 1143 anno
596 1080 733 1163 quidam
770 1082 807 1143 in
842 1081 1000 1146 scismate
1031 1084 1182 1146 ordinati
1213 1088 1247 1148 et
1277 1085 1311 1147 in

199 1167 344 1230 concilio
368 1168 411 1231 ab
436 1169 632 1232 Alexandro
657 1190 746 1252 papa
769 1169 926 1252 depositi,
952 1171 1152 1234 subdiaconi
1182 1174 1314 1237 scilicet

200 1257 235 1318 et
273 1256 446 1321 inferioris
481 1257 626 1334 ordinis,
663 1258 921 1333 reordinantur,
958 1260 1091 1324 dnobus
1126 1262 1313 1344 apostolice

199 1344 289 1407 sedis
312 1344 458 1427 legatis¹
482 1347 623 1429 speciali
653 1347 718 1410 hoc
749 1347 1004 1429 dispensatione
1035 1350 1312 1427 concedentibus,

153 1457 179 1494 ιο
198 1433 407 1515 impetrante
431 1429 624 1516 Flriderico]
649 1436 866 1518 imperatore,
891 1438 951 1519 qui
975 1457 1113 1520 presens
1136 1439 1206 1501 fuit
1228 1443 1312 1502 tunc

198 1523 370 1605 temporis,
403 1524 495 1605 apud
520 1523 756 1587 Constantiam
785 1525 914 1588 curiam
946 1526 1121 1590 celebrans
1153 1531 1189 1591 et
1213 1528 1395 1597 collo-(run.)

198 1611 315 1693 quium
340 1612 470 1675 habens
494 1633 571 1675 cum
588 1612 824 1695 Langobardis
840 1615 999 1677 omnibus
1014 1615 1087 1679 fere
1103 1616 1312 1680 melioribus.

197 1707 288 1762 Hanc
321 1710 429 1763 autem
468 1708 735 1780 dispensationem
770 1709 916 1782 precipue
955 1710 1159 1767 obtinuerunt
1192 1712 1313 1768 Marba·

196 1812 306 1851 censes
337 1799 369 1851 et
399 1813 454 1870 per
483 1797 567 1870 ipsos
598 1797 659 1864 alii,
690 1797 872 1854 Bernhardo
895 1799 1053 1871 preposito
1080 1799 1311 1872 interpellante.

152 1895 178 1933 15
304 1873 427 1941 fHuius
447 1879 647 1942 execrabilis
668 1882 703 1943 et
726 1879 917 1943 horrende³
937 1880 1105 1944 scismatis
1130 1902 1231 1945 causa
1248 1883 1453 1946 hessesmot.

86 1986 118 2034 η),
129 1986 175 2026 162.
195 1966 296 2028 fuit2.
336 1966 484 2044 Quidam
507 1967 671 2051 *episcopi
688 1968 826 2031 domino
842 1968 1041 2051 imperatori
1057 1974 1310 2052 suggesserunt,

197 2055 288 2136 qnod
312 2056 500 2138 apostolica
524 2057 647 2120 electio
678 2077 745 2120 non
778 2056 919 2120 deberet
949 2057 1116 2121 celebrari
1146 2059 1218 2121 sine
1249 2063 1398 2122 suollttl.

197 2144 339 2207 consilio
364 2148 399 2207 et
423 2165 572 2222 assensu,
597 2146 686 2209 sicut
702 2145 784 2208 olim
802 2166 873 2208 mos
890 2145 959 2208 fuit
975 2146 1018 2209 ab
1034 2146 1310 2228 imperatoribus.

196 2231 295 2309 Quod
320 2233 527 2297 clarissimus
551 2234 708 2318 princeps
732 2234 884 2310 audiens,
910 2235 1053 2296 nimium
1084 2234 1244 2298 credulus
1275 2239 1311 2299 et

150 2347 177 2385 20
195 2321 272 2404 plus
296 2343 396 2404 quam
430 2323 551 2386 debuit
580 2323 632 2386 ira
661 2343 853 2400 succensus,
886 2323 1137 2386 communicato
1168 2323 1310 2386 consilio

196 2431 274 2472 cum
312 2411 543 2494 principibus,
583 2433 706 2494 papam
745 2412 898 2474 institnit
936 2414 971 2475 et
1009 2405 1196 2495 episcopisb
1233 2413 1310 2477 Ale-

196 2499 332 2563 mannie
367 2500 418 2564 ei⁰
454 2505 704 2564 sacramentum
740 2500 919 2564 fidelitatis
958 2496 1130 2584 prestare>d
1164 2501 1278 2583 coegit
1288 2501 1308 2563 ³.
1321 2505 1398 2558 1165.

195 2586 295 2664 Quod
326 2589 464 2670 quidam
495 2591 663 2665 fecerunt,
694 2590 795 2672 pauci
819 2610 899 2653 vero
927 2589 1053 2653 saniori
1082 2590 1136 2652 usi
1167 2591 1309 2654 consilio

194 2677 308 2740 facere
325 2681 548 2741 rennuerunt.
576 2678 728 2740 Tandem
745 2678 892 2762 plurimo
905 2682 1059 2762 tempore
1070 2679 1227 2742 revoluto
1244 2701 1311 2762 pax

150 2765 338 2834 aecclesie
367 2766 548 2830 redditur4
571 2787 631 2849 per
655 2768 827 2849 quendam
852 2767 1047 2850 episcopum
1066 2767 1397 2831 wicmannumnn.

196 2854 352 2930 Saxonis,
377 2858 411 2918 et
434 2855 564 2918 letatur
586 2856 765 2919 universus
796 2855 953 2932 mundus,
979 2856 1069 2938 quod
1101 2857 1310 2920 densissimis

195 2942 369 3006 tenebris⁵
391 2944 468 3007 finis
491 2944 561 3007 fuit
583 2938 784 3026 impositus.l

195 3082 216 3130 a)
230 3082 262 3119 ita
275 3093 293 3121 c.
348 3082 370 3132 b)
385 3082 416 3119 ita
429 3083 477 3120 loca
490 3083 607 3132 episcopos
621 3093 639 3122 e.
694 3082 714 3133 c)
730 3082 750 3121 ei
765 3083 837 3119 endem
851 3093 916 3120 mann
930 3093 1037 3130 superscr.
1092 3081 1114 3132 d)
1129 3082 1195 3129 iffi
1211 3094 1228 3122 e.

196 3188 222 3253 1)
250 3188 385 3240 Iohannes
402 3189 433 3239 de
451 3189 582 3255 Anapnia
599 3189 748 3240 cardinatis
770 3188 909 3255 presbyter
926 3188 999 3238 titnti
1023 3204 1043 3240 s.
1063 3186 1154 3237 Marci
1173 3193 1196 3237 et
1214 3185 1310 3236 Petras

150 3273 176 3310 so
195 3261 330 3324 episcopas
343 3259 474 3311 barrensis
491 3276 509 3310 a
525 3276 601 3326 papa
613 3261 727 3324 detepati
741 3266 827 3312 erant.
860 3259 900 3322 Cf.
913 3275 935 3311 e.
951 3256 1123 3321 Giesebreeist,
1136 3254 1308 3307 ‘Kaisereeit'

199 3330 244 3395 VI,
253 3347 283 3395 p.
293 3333 340 3397 313
353 3328 460 3394 Hauon,
473 3330 757 3396 ‘Kirchenqesehiclrte’
766 3331 784 3380 Ι
786 3330 816 3395 V,
825 3347 854 3396 p.
865 3331 925 3383 291.
936 3331 988 3382 303
1001 3334 1023 3378 et
1038 3328 1135 3380 aaron.
1148 3327 1308 3382 Ebersheim.

194 3417 214 3454 c.
234 3404 269 3454 32
288 3401 349 3465 (SS.
368 3401 482 3467 XXIII,
497 3418 527 3467 p.
540 3404 606 3466 447)
624 3403 655 3453 de
672 3402 843 3467 pravissimis
861 3400 1032 3450 incommodis
1052 3400 1082 3449 in
1101 3399 1209 3449 Alsatia
1234 3399 1309 3452 ortis.

194 3469 222 3539 2)
242 3472 393 3538 Sequentem
411 3475 594 3524 narrationem
612 3474 643 3522 cte
667 3474 801 3524 scismatis
826 3472 929 3536 oripine
947 3470 1085 3521 erroribus
1110 3469 1233 3519 abrntam
1257 3484 1310 3520 esse

194 3557 267 3594 nemo
285 3548 322 3594 est
340 3545 404 3609 qnia
422 3544 561 3608 intcttipat.
598 3543 755 3595 Recordatio
773 3543 908 3603 factorum
925 3543 1067 3592 nonsatis
1092 3541 1226 3605 explicata
1251 3554 1309 3590 enm

150 3627 176 3666 aa
194 3615 272 3664 oanis
290 3613 392 3677 fabulis
410 3631 428 3664 a
446 3616 575 3679 scriptore
593 3615 782 3680 Neobnrpensi‚
801 3629 876 3679 qnem
894 3617 1026 3664 strictorem
1046 3611 1164 3678 probare
1185 3612 1215 3661 in
1240 3626 1309 3661 eom·

194 3686 324 3735 nantario
342 3701 397 3735 meo
415 3691 524 3736 cenatas
542 3701 609 3751 snm,
629 3687 659 3736 in
677 3701 761 3736 nnrim
776 3686 913 3750 permixta
932 3689 975 3736 est.
1065 3683 1093 3748 3)
1120 3681 1195 3732 Haec
1219 3683 1310 3732 omnia

194 3755 230 3805 nd
257 3772 282 3807 a.
313 3758 389 3810 1165.
417 3761 548 3822 spectant,
578 3771 629 3822 qno
655 3756 812 3808 Friderians
838 3754 861 3808 Ι.
890 3761 951 3820 post
980 3757 1089 3804 mertem
1117 3754 1229 3803 Victoris
1256 3754 1275 3803 Ι
1278 3752 1309 3807 V.

194 3829 325 3892 episcopos
354 3828 514 3878 Germaniae
541 3829 571 3878 in
597 3829 677 3878 enria
702 3826 890 3892 Herbipotensi
915 3831 1082 3876 sacramento
1109 3824 1249 3888 obtipanit,
1279 3829 1309 3872 nt

193 3896 350 3948 Pasrlmtrm
369 3898 424 3952 ΙΙΙ.
444 3899 606 3964 imperialem
620 3914 725 3964 papam
743 3902 969 3963 reeopnoseerent;
987 3897 1021 3960 af.
1041 3895 1147 3957 Haurit,
1167 3894 1310 3945 ‘Kirehen-

149 3983 176 4020 ro
192 3968 348 4033 pesalrichte'
361 3969 381 4019 I
384 3968 414 4034 V,
431 3985 460 4034 p.
480 3972 533 4023 263
545 3985 599 4034 sqq.
671 3971 699 4036 4)
721 3969 761 4019 De
777 3984 841 4034 paee
857 3968 954 4019 Veneta
973 3983 998 4022 a.
1019 3968 1094 4021 1177.
1114 3969 1189 4030 faeta
1208 3968 1308 4031 apitnr,

193 4039 224 4088 rte
242 4055 296 4104 qna
312 4040 503 4091 Wieitmannus
521 4040 734 4107 archiepiscopus
746 4039 996 4104 Mapedebnrpensis
1007 4039 1101 4104 optime
1113 4039 1224 4087 meritas
1235 4043 1294 4088 erat
1301 4059 1310 4102 ,-

193 4110 228 4172 cf.
248 4110 414 4165 Hausisti.
431 4111 482 4177 IV,
497 4128 526 4176 p.
541 4113 601 4165 292.
633 4111 838 4161 Wichmannnm
855 4107 1116 4160 Hildesheimensem
1132 4110 1310 4173 praecipuum

189 4183 267 4246 pacti
283 4181 452 4233 mediatorem
470 4180 574 4236 Contin.
593 4182 778 4232 Sanblnsiana
797 4195 818 4234 a.
831 4183 874 4234 23.
893 4181 1013 4231 nominat
1032 4180 1094 4242 (SS.
1113 4179 1177 4244 XX,
1193 4196 1221 4244 p.
1236 4181 1309 4237 316).

194 4253 221 4316 5)
241 4251 282 4316 Cf,
301 4259 391 4303 notum
410 4252 588 4318 inominalem
607 4253 660 4305 cod.
674 4253 791 4303 lenensis
809 4251 831 4314 f.
845 4253 888 4315 91,
904 4252 960 4301 nisi
977 4250 1063 4313 fadar
1079 4250 1112 4299 ab
1126 4252 1183 4314 ipso
1195 4249 1310 4299 librario

148 4337 175 4375 45
192 4322 374 4388 Neobnrpensi
388 4323 517 4374 Chronico
534 4323 637 4375 Ottonis
652 4322 696 4386 VI,
711 4338 731 4375 a.
745 4324 787 4376 35.
806 4322 943 4372 additam:
961 4319 1034 4372 unde
1053 4336 1069 4370 a
1087 4318 1205 4386 quodam
1224 4318 1309 4371 eccle·

194 4391 301 4444 siastico
320 4393 452 4459 scriptore
471 4392 635 4446 densissimis
650 4391 770 4446 tenebris
784 4390 914 4461 [Aegypti
927 4390 1119 4459 comparatur}
1152 4390 1192 4454 Cf.
1208 4390 1310 4440 Ottonis

100 4529 108 4551 ὗ
194 4465 342 4517 Chronieen
361 4464 410 4519 SS.
429 4465 494 4531 XX,
514 4481 544 4530 p.
563 4467 625 4530 247,
646 4480 673 4519 n.
692 4480 719 4519 n.
