2970 4950
239 412 277 466 98
554 406 735 466 ANNALas
754 406 1043 466 MARBAOENSES.

147 609 232 668 1236,
349 593 451 657 Anno
467 590 728 656 MOOXXXVI.
762 592 957 675 Imperator
980 595 1015 657 et
1034 592 1214 676 episcopus
1230 594 1359 677 Argen·

97 681 387 760 ,matinensis
428 681 519 745 circa
560 681 699 743 initium
737 680 810 743 XL.
853 681 995 764 pacifice
1038 684 1272 746 convenerunt
1316 683 1358 747 de

241 770 354 847 feodo,
380 790 482 852 super
499 790 565 852 quo
582 770 676 853 prius
693 769 797 850 longo
819 772 974 853 tempore
997 770 1089 834 inter
1106 790 1163 835 eos
1180 772 1358 836 contentio

241 858 441 925 vertebatur
451 858 472 917 1.

349 947 478 1012 Eodem
503 950 657 1030 tempore
681 947 773 1030 apud
797 946 969 1011 Fuldense
993 947 1239 1012 monasterium
1256 948 1389 1013 Iudeis

242 1037 407 1119 quosdam
436 1056 557 1120 pueros
588 1035 802 1099 Christianos
831 1035 869 1098 in
899 1036 1048 1117 quodam
1079 1036 1286 1115 molendino,
1318 1041 1359 1100 ut

242 1126 355 1190 exeis
379 1125 581 1207 sanguinem
605 1125 649 1188 ad
673 1145 772 1188 suum
796 1125 983 1188 remedium
1009 1125 1182 1203 elicerent,
1209 1145 1358 1209 pereme-

241 1218 339 1290 runt;
375 1215 468 1278 unde
503 1215 592 1277 cives
628 1213 780 1277 eiusdem
816 1212 966 1277 civitatis
1001 1214 1129 1278 multos
1163 1234 1205 1278 ex
1239 1214 1358 1279 Iudeis

242 1303 474 1367 occiderunt2.
529 1302 597 1367 Sed
627 1323 705 1366 cum
740 1322 924 1386 puerorum
959 1323 1101 1386 corpora
1134 1303 1170 1365 in
1206 1306 1357 1367 castrum

243 1391 439 1473 Hagenowe
486 1390 603 1455 delata
648 1394 684 1454 et
728 1391 858 1455 ibidem
895 1391 1138 1455 venerabiliter
1182 1392 1358 1457 tumulata
1376 1422 1401 1460 10

242 1481 399 1557 fuissent,
429 1481 617 1563 imperator
646 1479 846 1556 tumultum,
878 1480 936 1562 qui
967 1484 1050 1544 tunc
1082 1483 1202 1544 contra
1228 1481 1357 1546 ludeos

243 1573 338 1632 ortus
363 1571 423 1645 est,
449 1569 550 1632 aliter
566 1569 685 1633 sedare
704 1589 774 1632 non
789 1568 907 1633 valens
931 1569 1059 1633 multos
1075 1569 1165 1633 viros
1185 1573 1355 1652 potentes,

242 1677 384 1739 magnos
423 1661 458 1721 et
492 1658 675 1732 litteratos,
712 1678 752 1722 ex
787 1658 929 1722 diversis
963 1659 1119 1741 partibus
1154 1679 1355 1736 convocans,

243 1746 428 1828 diligenter
461 1767 483 1810 a
514 1746 725 1829 sapientibus
755 1747 947 1828 inquisivit,
978 1750 1109 1824 utrum,
1143 1748 1234 1810 sicut
1263 1747 1358 1811 fama

243 1836 431 1900 communis
477 1835 599 1911 habet,
647 1835 748 1899 Iudei
790 1834 1023 1899 Christianum
1072 1837 1274 1918 sanguinem
1320 1838 1358 1899 in
1376 1864 1402 1904 15

242 1944 426 2008 parasceue
453 1924 681 1989 necessarium
711 1924 888 2000 haberent,
920 1924 1065 1988 firmiter
1094 1945 1297 2008 proponens,
1328 1927 1356 1988 si

242 2014 306 2077 hoc
331 2013 362 2076 ei
390 2014 432 2077 de
455 2033 535 2077 vero
566 2016 749 2088 constaret,
780 2013 956 2077 universos
987 2013 1122 2097 imperii
1152 2014 1206 2076 sui
1230 2014 1356 2078 Iudeos

240 2103 315 2167 fore
346 2102 572 2185 perimendos.
618 2101 746 2165 Verum
776 2103 857 2184 quia
890 2102 999 2165 nichil
1034 2102 1120 2166 certi
1154 2122 1256 2185 super
1291 2104 1356 2167 hoc

242 2192 387 2275 experiri
415 2194 561 2274 poterat,
594 2190 757 2253 severitas
787 2190 974 2272 imperialis
1005 2191 1181 2274 propositi,
1214 2196 1357 2275 accepta

241 2284 359 2345 tamen
383 2301 403 2343 a
426 2280 544 2343 Iudeis
567 2299 693 2360 magna
715 2279 871 2362 pecunia,
896 2279 932 2341 in
956 2279 1050 2344 brevi
1075 2280 1281 2363 conquievit.
1375 2310 1401 2348 20
1445 2277 1447 2280 ’

348 2369 483 2432 Deinde
495 2368 650 2452 premisit
665 2367 852 2450 imperator
864 2368 1050 2432 exercitum
1065 2369 1102 2431 in
1114 2369 1357 2432 Lombardiam

118 2493 136 2520 ι.
146 2481 202 2520 aare
211 2482 230 2522 1.
243 2458 332 2522 circa
362 2458 490 2521 festum
520 2456 675 2540 Philippi
705 2459 739 2520 et
771 2455 889 2520 Iacobi
923 2457 967 2519 ad
1002 2458 1247 2520 confortandos
1277 2478 1356 2522 suos

242 2547 412 2623 fautoreS,
448 2546 571 2628 quibus
606 2545 752 2628 prefecit
788 2542 987 2609 Gotfridum
1023 2546 1153 2609 dictum
1183 2546 1355 2610 Pullaere.

154 2659 232 2708 (111.)
243 2635 321 2718 Ipse
356 2654 436 2698 vero
471 2635 561 2698 circa
599 2637 827 2716 autumpnum
865 2655 926 2716 per
959 2634 1085 2698 vallem
1118 2634 1357 2698 Tridentinam

242 2724 446 2787 subsecutus
470 2725 522 2786 est
545 2743 623 2786 eum
647 2723 829 2787 exercitur.
877 2721 945 2801 Qui
968 2723 1107 2787 veniens
1136 2723 1173 2785 in
1198 2723 1358 2786 Lombar-
1376 2745 1403 2785 aa

242 2812 334 2876 diam
365 2811 540 2875 civitatem
563 2811 783 2875 Vincentiam
813 2811 936 2894 cepit4.
979 2813 1129 2878 Mantua
1158 2832 1293 2894 quoque
1322 2817 1358 2876 et

241 2901 362 2964 Padua
385 2902 553 2963 venerunt
577 2901 620 2962 ad
644 2900 854 2964 deditionem
865 2899 886 2961 ⁵.

118 2997 229 3063 (12371)
348 2989 530 3053 Famosum
565 2988 668 3052 etiam
704 2989 803 3051 illum
833 2988 930 3052 Wolf
963 2989 1136 3070 quondam
1171 2989 1357 3054 scultetum

242 3080 333 3162 apud
358 3076 576 3160 Hagenoue6
603 3098 773 3140 unacum
797 3077 876 3140 filiis
900 3077 992 3160 cepit
1016 3082 1051 3140 et
1075 3078 1178 3162 longo
1201 3074 1357 3161 tempore

240 3169 278 3231 in
301 3169 503 3252 captivitate
526 3166 681 3243 retinuit,
706 3187 745 3230 eo
762 3167 853 3248 quod
877 3167 1014 3230 colonos
1039 3170 1074 3230 et
1097 3167 1253 3231 homines
1277 3189 1358 3232 suos
1377 3197 1405 3236 eo

242 3349 268 3418 1)
289 3350 473 3401 Controversia
492 3347 525 3400 de
544 3346 635 3415 seud0,
654 3346 727 3414 quod
743 3347 912 3399 Fridericum
925 3348 965 3403 ΙΙ.
982 3364 1033 3414 pro
1052 3350 1130 3414 parte
1148 3349 1359 3416 progenitorum

240 3420 269 3472 in
294 3420 371 3472 bonis
394 3421 598 3485 Aryeutiueusis
625 3417 754 3470 ecclesiae
780 3417 964 3486 contingebat,
990 3421 1094 3470 circiter
1119 3419 1152 3470 ab
1179 3435 1250 3471 anuo
1277 3422 1356 3475 1219.

240 3492 390 3543 vertebatur
408 3496 431 3541 et
455 3491 529 3556 apud
546 3492 723 3555 Arymtiuam
748 3505 833 3541 meuse
851 3490 953 3542 Martio
978 3507 1003 3544 1.
1024 3493 1101 3544 1236.
1128 3493 1216 3556 sopita
1241 3495 1296 3557 ect,·
1321 3495 1357 3557 cf,

240 3562 476 3615 Bbbmer-Ficlrer
506 3578 549 3615 ur.
577 3563 655 3618 2143.
683 3562 792 3624 meum
822 3560 914 3626 Frite,
947 3561 1136 3613 ‘Territurium
1165 3562 1209 3612 des
1236 3563 1358 3614 Bistume

239 3633 413 3699 Straseburp’
424 3649 454 3698 p.
464 3635 562 3699 76311.
618 3631 645 3698 2)
664 3632 765 3683 Eadem
781 3634 836 3696 fere
852 3633 925 3698 apud
940 3633 1008 3684 Auru.
1021 3632 1160 3698 Euphord.
1172 3633 1259 3696 fratr.
1271 3633 1358 3685 Prae·
1376 3646 1403 3686 ea

239 3706 387 3756 dicatorum
406 3705 514 3758 11236
534 3703 618 3771 (Mau.
631 3702 874 3768 Erpbeefurtmsia
892 3704 930 3754 ed.
949 3703 1167 3768 Heider‘Eaper
1180 3721 1210 3770 p.
1229 3706 1284 3764 92),
1315 3704 1357 3756 De

240 3778 351 3827 crimine
362 3776 525 3826 Iudaeorum
537 3776 602 3826 etde
618 3775 789 3840 iuqumitioue
805 3774 838 3824 ab
851 3777 1010 3840 imperatore
1023 3775 1164 3840 postulata
1175 3775 1210 3838 cf.
1223 3775 1356 3826 Bbbmer·

238 3846 337 3898 Ficirer
361 3862 405 3901 ur.
424 3848 518 3900 21462.
539 3848 633 3900 11179.
654 3847 748 3898 14727.
775 3851 797 3895 et
819 3845 898 3897 Steru
922 3847 952 3895 iu
978 3845 1145 3909 ‘Zeitccbrift
1169 3848 1219 3911 fiir
1242 3847 1285 3897 die
1306 3845 1356 3898 Ge-

240 3918 351 3969 ecbicbte
368 3917 415 3968 der
431 3916 521 3966 Juden
539 3918 568 3967 iu
586 3916 780 3968 Deutscbiaml’
793 3916 833 3981 II,
848 3933 877 3982 p.
892 3918 944 3970 194
955 3932 1009 3983 sqq,
1082 3914 1108 3984 3)
1128 3915 1215 3968 Mense
1233 3918 1356 3983 Aucueto

245 3988 401 4039 Tridentum
419 3988 493 4038 acuit.
559 3989 587 4054 4)
606 3988 743 4038 Viuceutia
761 3989 802 4038 die
822 3990 845 4041 1.
859 3987 1014 4039 Novembris
1032 3992 1111 4053 capta
1128 3993 1174 4042 est.
1240 3990 1267 4055 5)
1281 3987 1357 4040 Haec
1375 4003 1404 4042 ro

240 4060 330 4119 miuus
356 4064 430 4110 recte.
473 4056 562 4108 Mense
587 4057 731 4123 Septembri
755 4059 912 4109 Fridericue
932 4074 985 4123 per
1005 4073 1108 4124 paucos
1131 4060 1187 4110 dies
1211 4058 1355 4111 Mantuam

240 4128 336 4182 obsedit
353 4143 399 4180 uec
416 4133 503 4177 tamea
522 4130 602 4195 cepit,·
619 4129 774 4180 deditionem
786 4131 889 4180 demum
902 4135 965 4195 poet
978 4130 1167 4196 expeditionem
1179 4130 1355 4182 Austriacam

239 4215 326 4252 meuse
346 4198 451 4250 Octobri
467 4201 534 4249 anui
552 4202 628 4253 1237.
648 4203 752 4266 accepit.
789 4200 887 4251 Padua
905 4215 989 4250 meuse
1007 4200 1159 4252 Februario
1177 4217 1203 4254 a.
1224 4203 1300 4254 1237.
1324 4203 1355 4252 in

240 4272 365 4322 ditionem
383 4272 555 4337 imperaturis
578 4273 654 4325 veuit.
754 4271 782 4331 6)
801 4271 844 4335 Cf.
865 4269 1007 4322 Rioberum
1025 4271 1198 4324 Seucuemem
1216 4271 1235 4321 I
1239 4271 1268 4338 V,
1295 4287 1316 4325 c.
1337 4273 1354 4326 6

240 4342 301 4408 (SS,
323 4341 413 4407 XXV,
436 4359 465 4408 p.
484 4344 557 4402 302).
602 4341 667 4393 Cum
690 4340 855 4405 Wulfeiiuuc
879 4345 959 4393 etiam
983 4358 1068 4394 merrae
1087 4342 1159 4394 Iulio
1184 4357 1255 4394 aureo
1275 4344 1353 4398 1237.
1374 4358 1403 4399 45

239 4414 364 4466 scultetus
382 4413 412 4465 de
430 4411 578 4478 Hapeuowc
594 4415 667 4464 tectu
687 4412 872 4464 subscribatur
889 4413 938 4479 (cf.
957 4413 1116 4481 Scbaepfliu,
1141 4413 1250 4466 Alsatiu
1267 4414 1355 4481 diplo-
