2970 4950
230 437 247 490 6
543 428 724 485 ANNALES
742 427 1030 484 MARBAOENSES.

155 597 376 690 mccusuluit.
423 607 532 663 Cuius
559 607 740 661 auctoritate¹
768 610 795 660 et
824 623 881 660 non
907 606 995 658 multo
1025 609 1089 673 post
1114 605 1189 659 iussn
1218 605 1353 675 Stephani

216 678 352 736 'Romani
368 679 506 749 pontificis
524 678 676 746 Hilderico,
696 677 754 746 qui
773 682 858 732 tunc
875 676 1052 745 temporis
1070 693 1219 747 regnum
1237 676 1354 731 Fran-

157 767 221 808 cesn.
232 769 351 807 corum
376 749 542 818 tenebat,
567 748 692 819 deposito
711 752 794 816 etque
812 747 842 801 in
859 748 1055 801 monasterium
1073 747 1193 816 detruso,
1218 747 1354 818 Pippinus

232 823 348 877 maior
372 823 497 876 domus
515 838 565 874 rex
583 820 753 875 Francorum
772 820 875 873 electus
893 823 921 873 et
939 817 1097 872 Swessionis
1116 835 1132 872 a
1150 824 1244 873 sancto
1263 818 1353 875 Bone-

233 894 304 948 facio
316 892 553 963 Magunciensi
572 891 776 960 archiepiscopo
789 894 887 944 unctus
904 893 954 944 est
972 907 1056 943 anno
1068 889 1201 943 Domini
1212 889 1352 947 Doonss.
1370 905 1386 946 c

98 979 221 1020 aaran.
340 964 414 1019 Gens
441 980 591 1031 nemque
616 961 857 1031 Mercvingorum,
886 960 920 1014 de
948 978 1002 1028 qua
1026 959 1126 1015 Franci
1152 977 1231 1031 reges
1258 977 1353 1016 creare

232 1035 284 1089 sibi
296 1034 370 1088 soliti
382 1038 468 1103 erant,
487 1050 572 1102 usqne
591 1033 633 1087 ad
651 1033 716 1087 hec
733 1037 898 1100 tempora
917 1030 1061 1100 duravit;
1079 1049 1133 1100 que
1149 1032 1214 1086 licet
1227 1031 1352 1100 inHyl·

233 1107 358 1189 darier>
382 1105 571 1188 finitatpossit
595 1103 691 1172 videri,
716 1107 822 1184 tamen
835 1102 890 1155 iam
915 1101 1019 1184 dudum
1044 1102 1145 1156 nullius
1162 1102 1263 1173 vigoris
1284 1108 1352 1171 erat,

127 1263 155 1311 c.
166 1263 222 1302 1241.
232 1176 676 1316 iimqlttuilssialeiilih
693 1177 791 1314 litt
808 1173 1352 1313 ,ttatttttgbllmrttttlt:
1373 1261 1401 1300 ,ο

232 1335 293 1372 mus
311 1317 482 1384 dicebantur,
509 1320 537 1371 et
563 1316 598 1369 ad
622 1332 691 1384 quos
717 1332 824 1370 summa
848 1315 958 1384 imperii
984 1316 1148 1383 pertinebat,
1172 1316 1352 1385 tenebantur3

232 1405 321 1457 neque
338 1388 399 1458 regi
417 1387 492 1441 aliud
509 1387 721 1456 relinquebatur,
748 1404 832 1455 quam
858 1390 890 1438 ut
916 1386 992 1456 regio
1019 1391 1128 1440 tantum
1152 1386 1264 1440 nomine
1288 1404 1353 1441 con·

233 1463 333 1527 tentus,
359 1459 435 1514 crine
461 1456 583 1528 profuso,
610 1458 698 1513 barba
715 1456 857 1525 submissa,
879 1458 947 1510 solio
965 1457 1098 1511 resideret
1116 1474 1148 1511 ac
1166 1457 1285 1526 speciem
1304 1457 1352 1511 dc-

233 1529 363 1584 minantia
380 1528 532 1599 effingeret,
558 1530 663 1599 legatos
688 1528 878 1596 undecumque
894 1527 1035 1582 venientes
1053 1528 1161 1582 audiret
1180 1529 1271 1597 eisque
1290 1530 1353 1583 abe·

233 1601 345 1655 untibus
361 1617 499 1670 responsa,
518 1617 587 1668 quae
605 1604 664 1653 erat
682 1599 778 1654 doctus
795 1599 839 1653 vel
858 1599 941 1653 etiam
959 1599 1054 1668 iussus,
1074 1617 1108 1653 ex
1126 1617 1174 1653 sua
1185 1600 1262 1653 velut
1276 1604 1353 1668 pote·
1373 1613 1401 1654 15

234 1676 305 1726 state
331 1671 474 1738 redderet3
503 1687 565 1724 cum
592 1675 685 1739 preter
711 1669 808 1724 inutile
834 1669 907 1739 regis
934 1687 1035 1724 nomen
1062 1673 1091 1724 et
1116 1671 1271 1739 precarium
1297 1671 1354 1725 vite

233 1742 415 1813 stipendium,
443 1742 517 1810 quod
544 1741 570 1796 ei
593 1741 731 1811 prefectus
756 1741 818 1794 aule
844 1745 926 1809 prout
951 1741 1096 1795 videbatur
1124 1741 1285 1809 exhibebat,
1313 1741 1353 1794 nil

234 1813 311 1867 aliud
328 1813 434 1882 proprii
451 1812 602 1881 possideret
620 1830 703 1880 quam
725 1828 809 1865 unam
835 1812 964 1880 preparvi
990 1811 1095 1865 reditus
1112 1812 1215 1880 villam,
1243 1812 1272 1865 in
1299 1829 1354 1881 qua

234 1885 347 1939 domum
365 1888 394 1939 et
411 1901 446 1939 ex
464 1901 518 1953 qua
526 1883 650 1937 ‘famulos
665 1883 717 1937 sibi
729 1882 914 1937 ministrantes
926 1887 1008 1951 atque
1020 1883 1181 1951 obsequium
1194 1883 1354 1938 exhibentes

232 1972 321 2026 peuce
347 1955 551 2010 numerositatis
577 1954 704 2011 habebat.
749 1953 929 2022 Quocumque
963 1954 1083 2007 eundum
1114 1958 1184 2021 erat,
1223 1959 1353 2022 cemento
1373 1970 1401 2010 sc

233 2027 300 2098 ibat,
327 2027 417 2080 bubus
444 2026 543 2079 iunctis
571 2029 599 2079 et
626 2025 745 2079 bubulco
770 2024 872 2078 rustico
889 2041 967 2079 more
986 2028 1085 2095 agente
1103 2025 1271 2081 trahebatur.
1308 2023 1354 2080 Sic

234 2097 270 2152 ad
287 2098 432 2167 palacium,
455 2096 548 2151 sicud
566 2096 707 2166 publicum
725 2096 822 2165 populi
839 2095 882 2149 sui
900 2101 1073 2165 conventum,
1092 2095 1140 2164 qui
1158 2095 1299 2150 annuatim
1317 2096 1354 2150 ob

233 2169 314 2239 regni
331 2169 479 2223 utilitatem
498 2167 696 2236 celebrabatur,
715 2168 763 2234 ire,
782 2167 821 2221 sic
840 2166 953 2220 domum
971 2167 1061 2221 redire
1074 2167 1185 2222 solebat.
1217 2167 1258 2220 At
1275 2167 1355 2237 regni

234 2240 508 2294 amministrationem
527 2243 554 2293 et
573 2239 665 2292 omnia
683 2254 753 2306 quae
770 2238 814 2292 vel
837 2238 912 2291 domi
930 2238 975 2292 vel
993 2237 1060 2292 foris
1078 2237 1184 2309 agenda
1209 2254 1241 2291 ac
1263 2237 1354 2307 dispo

234 2311 325 2366 nenda
343 2315 422 2365 erant
438 2309 577 2380 prefectus
595 2311 657 2364 aule
674 2310 848 2377 procurabat.
1373 2323 1401 2365 as

137 2397 224 2437 aas.
342 2382 403 2451 Quo
431 2380 523 2435 officio
549 2385 630 2448 tunc,
659 2397 723 2433 cum
740 2379 906 2448 Hyldericus
927 2379 1124 2448 deponebatur,
1144 2378 1278 2449 Pippinus
1298 2380 1354 2434 iam
1413 2441 1415 2446 ¹

235 2453 311 2507 velut
329 2452 494 2506 hereditario
511 2452 591 2505 iure
607 2451 789 2520 fungebatur3
807 2451 854 2519 qui
865 2450 954 2504 honor
965 2466 1021 2504 non
1033 2451 1093 2504 aliis
1105 2450 1165 2504 dari
1177 2456 1355 2505 consueverat

237 2540 319 2592 quam
337 2523 379 2576 his
396 2523 445 2592 qui
471 2525 500 2576 et
524 2522 649 2576 claritate
675 2521 783 2604 generis
811 2526 839 2575 et
865 2538 949 2590 opum
976 2521 1230 2591 magnitudine
1257 2522 1355 2577 ceteris

237 2593 425 2650 eminebant11⁸
461 2592 546 2646 Hunc
571 2610 634 2647 cum
652 2591 784 2662 P1ppinua
802 2592 837 2646 ab
856 2608 907 2646 avo
926 2595 954 2647 et
971 2595 1050 2661 patre
1068 2593 1166 2647 sibiet
1184 2592 1264 2647 fratri
1281 2593 1354 2647 Kar·

236 2665 366 2718 lemanno
392 2663 528 2732 relictum,
556 2681 663 2716 summa
690 2663 836 2717 concordia
863 2662 989 2732 divisum,
1016 2680 1079 2717 sex
1105 2662 1184 2718 annis
1211 2665 1262 2718 sub
1288 2681 1355 2734 rege
1374 2679 1402 2720 ao

236 2739 388 2789 memorato
412 2735 550 2804 teumsset,
575 2733 780 2789 Karlomannus
801 2750 894 2788 amore
912 2735 1125 2789 conversationis
1143 2735 1355 2804 contemplative

236 2823 387 2873 succensus,
413 2822 528 2874 operosa
544 2805 704 2875 temporalis
720 2805 800 2875 regni
818 2805 1064 2860 amministratione
1081 2806 1186 2874 relicta,
1214 2806 1243 2859 in
1261 2809 1355 2860 monte

237 2877 387 2931 Oassino
406 2881 501 2946 optata
518 2876 611 2944 quiete
627 2877 787 2946 perfruitur.

140 2965 225 3007 aas.
341 2947 475 3018 Pippinus
492 2952 584 3002 autem
602 2965 652 3017 per
670 2947 861 3002 auctoritatem
878 2946 998 3002 Romani
1014 2946 1152 3017 pontificis
1173 2964 1208 3002 ex
1231 2947 1355 3016 prefecto

235 3018 333 3088 palacii
355 3036 405 3073 rex
422 3019 593 3087 constitutus,
621 3036 684 3073 cum
706 3035 757 3087 per
778 3019 928 3086 aliquod
946 3035 1032 3072 annos
1048 3018 1161 3073 Francis
1178 3019 1251 3072 solus
1269 3018 1355 3087 impe·
1374 3034 1402 3076 sc

159 3095 318 3159 smeret,
336 3089 509 3160 Stephanus²
525 3106 598 3158 papa
615 3107 666 3159 pro
685 3088 787 3144 auxilio
806 3093 903 3143 contra
919 3088 1091 3144 Haistulfum
1108 3088 1355 3160 Longobardorum

167 3214 192 3254 1<
235 3178 329 3232 regem
353 3161 491 3231 poscendo
518 3161 554 3215 ad
579 3177 656 3215 enm
680 3161 709 3214 in
726 3159 872 3214 Franciam
889 3159 967 3214 venit
992 3164 1021 3215 et
1046 3159 1193 3215 filiuseius
1211 3160 1355 3229 Karolum,

107 3215 292 3308 W·B,‘r‘,',jcb⁸
318 3233 451 3287 virtutum
479 3235 507 3286 et
536 3231 698 3286 meritorum
727 3231 910 3299 quantitatem
940 3236 1122 3300 cognomento
1149 3230 1299 3301 Magnum,
1327 3234 1356 3285 et

235 3303 456 3357 Karlomaunum
475 3302 595 3357 Parisios
612 3319 692 3371 reges
709 3302 830 3356 inunxit
848 3318 939 3356 anno
957 3302 1101 3356 Domini
1119 3301 1271 3359 DOOLHI.

74 3392 225 3433 csse-rsa
341 3374 475 3429 Eodem
506 3391 598 3428 anno
625 3372 759 3443 Pippinus
787 3389 838 3426 rex
865 3371 985 3427 Saxonis
1011 3376 1124 3427 vastata
1150 3373 1261 3427 Italiam
1291 3389 1355 3426 cum
1373 3389 1403 3429 ro

236 3446 358 3499 exercitu
385 3445 500 3514 petiit,
528 3443 699 3498 Haistulfum
726 3460 821 3514 regem
839 3442 926 3513 Papie
951 3444 1091 3498 obsessum
1116 3444 1224 3498 obsides
1242 3444 1308 3497 dare
1327 3449 1356 3497 et

235 3533 279 3570 res
296 3517 383 3570 sancti
400 3514 478 3569 Petri
504 3517 555 3570 sub
582 3518 753 3569 sacramento
771 3514 886 3569 reddere
905 3515 1005 3585 coegit.
1042 3515 1129 3569 Post
1156 3514 1355 3568 discessum

236 3586 302 3655 Pip
309 3586 386 3656 pini
413 3586 512 3657 regis
535 3585 690 3640 Haistnlius
713 3588 914 3640 sacramentum
938 3589 1136 3655 contempnens
1160 3584 1279 3640 Romm
1306 3586 1355 3640 cb·

235 3657 314 3725 sidet,
340 3657 433 3711 omniu
453 3657 556 3711 circum
581 3656 654 3712 ferro
679 3660 708 3712 et
731 3656 796 3728 igne
819 3660 936 3712 vastans.
973 3656 1193 3726 Quapropter
1219 3673 1291 3725 papa
1315 3657 1354 3710 le·

234 3732 313 3853 atos
325 3745 375 3798 per
386 3745 462 3782 mare
475 3727 511 3781 ad
522 3727 671 3797 Pippinum
686 3744 809 3798 regem
825 3744 877 3796 pro
894 3727 995 3782 auxilio
1014 3728 1095 3783 misit.
1133 3725 1200 3796 Qui
1217 3728 1355 3782 veniens
1373 3743 1402 3783 rs

282 3799 406 3853 istulfum
433 3798 518 3868 Papie
548 3798 682 3854 obsedit
712 3803 740 3852 et
773 3797 934 3853 Ravennam
965 3799 1085 3867 aliasque
1115 3800 1197 3852 urbes
1227 3815 1355 3868 pervasas

235 3875 330 3929 sancto
349 3869 433 3924 Petro
452 3875 481 3924 et
499 3869 610 3924 domino
628 3886 700 3938 pape
717 3869 752 3923 vi
771 3868 894 3924 ablata
911 3869 1027 3923 reddere
1045 3869 1187 3938 compulit.

235 4075 257 4122 a)
271 4064 385 4114 eminebat
399 4085 417 4118 c.

235 4252 262 4318 1)
280 4253 325 4304 Ec
343 4252 475 4305 Bernoldo
493 4252 529 4302 cd
552 4267 578 4305 a.
598 4253 658 4306 752.
682 4256 705 4303 et
727 4265 760 4302 cc·
777 4251 920 4302 Einhcrdi
939 4251 1001 4302 Vua
1020 4250 1123 4304 Koroli
1139 4267 1160 4308 c.
1180 4255 1195 4307 1
1216 4251 1301 4321 (iussu
1320 4281 1354 4290 -

235 4321 364 4392 detruso).
441 4325 469 4388 2)
486 4322 590 4374 Abhinc
608 4322 762 4374 Berucldue
781 4322 817 4373 cd
835 4338 861 4376 c.
875 4325 935 4377 753.
1013 4321 1041 4391 3)
1061 4322 1097 4374 cb
1116 4352 1150 4363 -
1170 4321 1304 4391 Magnum
1322 4339 1355 4375 ac
1373 4338 1402 4377 so

233 4395 356 4460 Leporaria
374 4394 477 4446 Kurcli
493 4393 517 4460 I,
537 4395 587 4446 ch
606 4392 657 4458 (cd.
676 4391 817 4444 Rauschea
831 4409 860 4459 p.
874 4396 917 4458 23,
936 4394 953 4446 l.
967 4395 1005 4460 8).
