2970 4950
521 445 704 502 annues
721 444 1012 502 MARBAOENSIIS.
1295 448 1331 501 73

208 631 376 697 beneficio
406 630 611 696 concederet
640 633 676 694 et
708 633 858 693 castrum
882 628 1056 708 Brisache,
1088 630 1180 711 quod
1209 629 1328 692 fratris
1338 632 1417 689 nes.

208 720 263 784 sui
286 719 425 785 Ottonis
447 719 527 795 fuit,
560 718 693 784 destrui
721 719 837 783 facere
867 717 1008 784 deberet
1036 716 1092 782 vel
1122 738 1185 800 pro
1216 721 1328 782 castro

207 809 315 872 trium
345 807 480 872 milium
509 827 702 872 marcarum
732 806 798 870 sibi
829 806 966 872 debitor
995 809 1094 884 esset,
1126 809 1162 870 et
1192 805 1257 871 hoc
1287 809 1329 869 ut

209 898 317 974 fieret,
355 897 423 960 iam
462 896 573 962 dictos
607 895 814 965 mediatores
848 895 985 960 obsides
1019 896 1134 972 daret3
1174 914 1258 977 quos
1293 898 1329 959 et

173 986 316 1051 adedit.
370 985 449 1069 Ipse
479 1005 560 1050 vero
590 985 783 1048 hominium
812 983 879 1048 sibi
907 984 1049 1062 faciens,
1081 983 1260 1048 consilium
1293 986 1329 1048 et

207 1074 376 1138 auxilium
410 1095 472 1157 pro
503 1074 602 1158 regni
636 1073 831 1138 retentione
865 1073 931 1137 sibi
969 1072 1120 1137 laturum
1160 1072 1328 1155 promisit.

208 1163 298 1227 Nam
322 1164 403 1228 dum
427 1162 557 1245 prefati
579 1162 752 1247 principes
767 1160 911 1227 Oolonie
935 1161 1080 1226 eundem
1098 1160 1427 1231 Bertholdumnnn.)

208 1251 391 1334 eligerent,
422 1251 614 1335 Phylippus
644 1251 737 1335 apud
767 1250 1029 1314 I'ranlrenriirt1
1060 1251 1102 1314 de
1132 1249 1210 1313 aliis
1239 1250 1329 1333 prin·

208 1340 345 1424 cipibus
369 1340 500 1406 electus
522 1340 603 1403 fuit.

163 1454 190 1493 ro
314 1428 436 1492 Multis
459 1448 542 1511 ergo
565 1428 756 1493 letantibus
778 1430 813 1493 et
828 1448 949 1512 pacem
965 1428 1193 1511 sperantibus,
1210 1448 1327 1491 rursus

207 1517 381 1602 principes
425 1517 486 1601 qni
524 1516 753 1582 Bertholdum
801 1516 977 1601 elegerant
1020 1515 1131 1579 filiurn
1169 1516 1329 1580 Heinrici

207 1607 382 1688 quondam
420 1606 518 1671 ducis
553 1605 699 1670 Saxonie
738 1609 774 1670 et
812 1625 853 1670 ex
888 1624 1002 1670 sorore
1036 1605 1203 1670 Richardi
1236 1605 1328 1688 regis

207 1695 360 1778 Anglie²
396 1695 535 1759 nomine
570 1693 744 1771 Ottonem,
784 1694 844 1776 qui
882 1713 994 1759 comes
1031 1694 1102 1757 init
1140 1693 1327 1772 Pictavie⁸‚

206 1803 324 1866 regem
346 1784 505 1849 fecerunt
529 1786 633 1866 atque
653 1781 818 1847 Oolonie⁴
840 1803 920 1848 eum
942 1783 979 1845 in
1002 1801 1119 1864 regem
1141 1787 1326 1847 unxerunt.
1338 1803 1409 1852 (run.)

162 1895 189 1936 rs
207 1871 363 1937 Audiens
387 1874 504 1936 autern
527 1871 719 1956 Phylippus
740 1872 832 1954 regis
853 1869 993 1935 Ottonis
1017 1870 1221 1935 electionem
1242 1869 1327 1934 OOC

207 1959 336 2025 milites
360 1981 439 2024 cum
462 1960 581 2025 multis
609 1960 686 2024 aliis
716 1960 890 2024 scutiferis
913 1960 1123 2042 Aquisgrani
1153 1959 1256 2037 misit,
1287 1963 1328 2022 ut
1423 1999 1425 2002 >

207 2052 244 2113 et
266 2068 383 2132 regern
406 2048 570 2114 Ottonem
594 2047 638 2113 ab
661 2049 820 2132 ingressu
843 2048 993 2113 civitatis
1017 2051 1175 2112 arcerent
1198 2051 1234 2112 et
1261 2048 1328 2112 sibi

207 2137 383 2202 civitatem
409 2140 445 2202 et
468 2139 582 2202 sedem
606 2138 707 2222 regni
729 2141 915 2202 servarent.
962 2137 1029 2202 Sed
1054 2135 1138 2201 Otto
1164 2156 1225 2200 rex
1249 2156 1328 2200 oum

207 2226 279 2290 suis
302 2226 519 2290 adiutoribus
540 2226 652 2310 ipsam
675 2227 850 2291 civitatem
874 2226 1011 2291 obsedit
1041 2230 1077 2289 et
1106 2226 1144 2289 in
1173 2227 1327 2309 tempore

160 2340 188 2380 20
207 2314 349 2379 messis⁵
371 2315 463 2398 cepit
486 2317 590 2398 atque
612 2316 649 2378 in
679 2314 759 2379 sede
789 2315 888 2398 regni
917 2315 1034 2378 triduo
1064 2314 1177 2379 sedit⁶
1205 2313 1403 2398 ipsam-(na.)

207 2424 274 2487 que
298 2403 475 2468 civitatem
497 2402 657 2468 fidelibus
681 2403 751 2467 suis
775 2403 1037 2468 custodiendam
1061 2403 1242 2467 commisit.

315 2491 462 2557 Interim
495 2492 688 2576 Phylippus
726 2493 914 2557 exercitum
953 2492 1119 2576 colligens
1154 2491 1327 2556 Alsaciam

207 2581 323 2665 peciit,
347 2600 448 2645 omne
471 2581 686 2646 frumentum
709 2581 747 2644 in
774 2601 883 2646 messe
912 2581 1158 2664 pessumdedit,
1190 2579 1327 2645 Molles-

207 2670 301 2734 heim
325 2670 553 2752 expugnando
578 2670 751 2747 cremavit,
776 2669 849 2734 solo
873 2671 1042 2735 cimiterio
1061 2670 1098 2733 in
1115 2670 1327 2734 deditionem

160 2781 189 2822 ss
206 2761 357 2841 recepto,
381 2757 608 2822 Haldenburc
631 2758 820 2843 presidium
844 2759 946 2842 cepit,
971 2759 1187 2842 cymiterium
1208 2758 1328 2842 Epiaci

208 2847 381 2930 confregit
413 2867 598 2929 omnesque
628 2847 785 2911 homines
815 2847 1078 2930 Argentinensis
1109 2847 1261 2931 episcopi
1292 2850 1328 2912 et

207 2935 343 3000 comitis
382 2936 425 3000 de
463 2935 674 3018 Tagesburo‚
721 2935 781 3018 qui
819 2939 917 3000 erant
955 2936 1149 3000 assentanei
1189 2934 1328 3000 Ottonis

206 3025 307 3106 regis,
332 3027 501 3088 ettotam
524 3024 723 3089 inferiorern
748 3023 936 3088 *Alsaciam
959 3024 1120 3088 incendio
1144 3027 1180 3088 et
1206 3024 1423 3108 rapinanna

206 3113 356 3177 vastavit
368 3111 389 3174 ⁷.

161 3225 189 3266 ro
313 3201 402 3266 Inde
427 3202 613 3284 procedens
637 3201 767 3265 curiam
783 3200 964 3284 Magnntie
988 3221 1066 3264 curn
1090 3199 1161 3264 suis
1183 3200 1326 3264 fautori-

207 3289 332 3353 busin
354 3290 589 3375 assumptione
612 3289 713 3354 beate
737 3290 847 3353 Marie
870 3289 1003 3364 habuit,
1028 3288 1088 3352 ubi
1119 3309 1140 3352 a
1168 3287 1325 3372 pluribus
1336 3311 1392 3360 nn.
1401 3312 1435 3353 rs.

207 3377 421 3462 principibus
459 3378 697 3462 sollempniter
734 3378 888 3444 electus⁸
925 3399 946 3442 a
979 3377 1180 3444 Treverensi
1218 3377 1326 3441 archi·

209 3567 235 3637 1)
261 3567 359 3630 Faba·
379 3568 513 3621 sollemnis
530 3567 654 3636 Philippi
670 3568 758 3620 electio
774 3569 817 3620 die
834 3570 860 3624 8.
878 3567 978 3620 Martii
995 3570 1025 3619 in
1043 3567 1140 3634 oppido
1162 3567 1327 3634 Iburinyiae

207 3638 371 3691 Malnbnein
397 3641 472 3704 faeta
499 3643 544 3693 est.
652 3637 680 3707 2)
708 3638 845 3691 Maenalon
872 3641 978 3692 nomine
985 3654 998 3701 ,·
1024 3645 1102 3705 nala,
1131 3637 1201 3705 qnod
1227 3641 1257 3689 in
1284 3638 1328 3691 leis

162 3723 190 3763 eo
207 3709 364 3762 Annalibus
381 3710 457 3761 nulla
475 3711 571 3762 mentio
587 3709 756 3776 aeneolopiae
773 3710 804 3774 fil
828 3726 909 3777 qnam
926 3710 1062 3762 ebronisla
1084 3725 1170 3776 cupra
1191 3725 1220 3775 p.
1239 3711 1274 3763 47
1287 3725 1326 3776 sq.

208 3781 245 3832 ael
261 3782 380 3836 a.1152.
399 3782 512 3835 addidit.
602 3779 630 3848 3)
654 3778 713 3831 Ono
730 3795 803 3832 anno
822 3782 899 3836 1196.
919 3780 953 3831 ab
971 3781 1102 3833 avunculo
1122 3795 1170 3832 cuo
1187 3780 1328 3832 Richardo

207 3867 268 3918 reae
303 3853 456 3904 condatum
491 3851 627 3903 Pistoriae
661 3853 779 3917 acaepil,·
814 3854 848 3916 ef.
883 3851 1127 3904 Reimea-Fidon
1161 3868 1207 3904 nr.
1241 3848 1327 3907 185¹.

207 3922 236 3990 4)
266 3922 391 3975 Coloniae
417 3923 460 3975 die
486 3926 512 3978 ll.
539 3923 616 3974 Iunii
644 3921 702 3974 oen
726 3923 888 3974 sollemniter
913 3923 1021 3989 electus,
1049 3938 1102 3975 non
1129 3925 1256 3974 inanaue
1282 3927 1327 3976 est.

208 3994 236 4059 5)
257 3993 309 4045 Die
327 3995 370 4048 10.
382 3994 451 4045 Iulii
454 4010 466 4055 ,·
483 3993 520 4057 cf.
538 3992 774 4045 Bdbmer-Fbker
791 4009 835 4048 nr.
854 3990 937 4048 19811.
1010 3995 1038 4059 6)
1059 3994 1110 4045 Die
1128 3996 1171 4048 12.
1183 3993 1252 4044 Iulii
1270 3992 1329 4045 Ollc

161 4077 190 4116 ιο
208 4064 379 4131 Aqaisorani
389 4069 532 4117 emanans
542 4068 587 4117 est.
652 4066 679 4132 7)
693 4063 733 4128 Cf.
748 4063 846 4117 Olenon.
861 4063 988 4130 Uespero.
1000 4064 1061 4128 (SS.
1074 4064 1185 4131 XXIII,
1198 4080 1229 4130 p.
1242 4066 1328 4129 368),-

155 4155 162 4169 f
209 4133 308 4190 Oleron.
328 4134 492 4189 Ebersbeim.
511 4149 532 4188 c.
551 4135 587 4189 35
605 4133 667 4197 (SS.
686 4133 799 4197 XXIII,
819 4150 849 4200 p.
863 4136 938 4190 448).
1021 4134 1050 4203 8)
1075 4136 1116 4188 De
1137 4135 1188 4186 nae
1211 4135 1328 4187 elatione

207 4207 242 4270 ef.
267 4205 431 4271 soonam,
457 4204 553 4258 ‘Ueber
577 4204 743 4257 wiederbolte
766 4205 886 4257 manche
910 4204 1120 4272 Kiniqewablen
1145 4207 1183 4256 im
1208 4207 1252 4261 13.
1268 4202 1326 4260 Jle!

207 4276 335 4342 (Gierlee,
365 4276 614 4342 ‘Ualerneabnnpen
643 4292 696 4326 aar
722 4275 872 4328 Dealseben
897 4276 1151 4342 Rechtsyeschicbte'
1179 4275 1327 4341 XXVIII)

205 4349 347 4469 p.d13.n-t-
364 4347 532 4483 oasslizglonlee
553 4347 654 4468 23an
678 4345 851 4473 natisstaatem
876 4345 902 4401 b.
921 4344 1028 4399 Mariae
1052 4348 1121 4399 dian
1146 4348 1327 4400 coronationis

160 4429 398 4480 nonnam.
477 4433 547 4469 mn-
578 4431 713 4472 rcernr,
793 4459 799 4472 .
