2970 4950
243 459 277 514 16
534 505 538 513 ,
559 452 739 508 ANNALIIS
757 452 1047 510 MARBAOENSES.

167 646 231 686 nina.
242 639 335 688 tamen
353 633 473 702 plurima
491 631 527 685 ad
544 631 623 701 regni
642 630 769 685 decorem
789 636 817 685 et
835 631 1057 685 commoditatem
1072 631 1237 700 pertinentia
1250 632 1364 687 diversis

241 706 270 758 in
287 703 354 758 locis
370 703 517 771 inchoavit,
536 702 672 770 quaedam
692 701 776 755 etiam
794 702 1000 758 consummavit.
1044 700 1226 757 Fundavit
1251 705 1363 758 etiam

240 776 347 844 palacia
371 773 461 843 operis
486 773 599 843 egregii,
625 790 710 826 unum
735 772 803 826 haut
828 773 911 842 longe
936 790 953 826 a
976 771 1124 842 Maguncia
1150 774 1260 828 civitate
1285 775 1364 829 iuxta

240 847 334 900 villam
361 845 539 915 Ingelnhem,
572 845 688 898 alterum
719 842 932 913 Noviomaginm
962 861 1044 912 super
1071 844 1207 898 Vahalem
1237 845 1363 903 fluvium.

240 916 314 971 Edes
341 934 429 970 sacras
456 916 621 983 ubicumque
651 915 680 967 in
711 913 851 983 imperio
882 931 931 968 suo
959 915 1091 984 collapsas
1121 920 1257 970 vetustate
1287 933 1396 971 eom-o

240 989 328 1058 perit,
354 986 531 1056 pontificibus
557 991 585 1040 et
611 986 750 1054 patribus,
782 985 817 1039 ad
844 1003 961 1054 quorum
989 1003 1083 1039 euram
1110 987 1299 1055 pertinebant,
1332 993 1365 1041 ut

240 1063 467 1127 restaurarentur,
492 1058 644 1126 imperavit,
673 1056 805 1111 adhibens
831 1073 924 1111 curam
951 1074 1002 1126 per
1028 1058 1141 1126 legatos,
1169 1061 1201 1110 ut
1227 1057 1364 1127 imperata

240 1130 411 1200 perficerent.

347 1217 402 1272 Per
429 1220 516 1271 totam
546 1215 656 1270 Gctiam
685 1217 741 1270 eius
769 1217 884 1286 imperio
913 1218 1058 1270 innumera
1086 1218 1364 1272 construebantur

240 1290 420 1356 monasteria,
449 1305 517 1356 quae
544 1305 595 1356 pro
623 1288 676 1341 loci
702 1291 729 1341 et
753 1288 886 1357 temporis
912 1289 1098 1356 oportunitate
1123 1287 1258 1357 imperiali
1283 1288 1363 1343 dcta·
1382 1303 1408 1341 ro

240 1362 376 1414 bantur
397 1358 591 1413 munificentia.
628 1358 670 1412 Eo
696 1359 779 1412 etiam
804 1363 937 1427 tompore,
962 1375 1016 1427 quo
1035 1358 1157 1413 Saxones
1182 1377 1362 1428 sepenumero

241 1431 371 1500 fedifragi
390 1435 417 1484 et
434 1430 551 1484 rebelles
569 1428 680 1483 tandem
699 1429 758 1483 sine
770 1447 818 1499 spe
830 1429 1022 1484 recalcitrandi
1034 1434 1062 1484 et
1074 1447 1159 1498 usque
1173 1431 1207 1484 ad
1219 1430 1362 1485 interitum

241 1501 372 1556 debellati
389 1501 487 1555 victori
505 1500 609 1554 Karclo
628 1517 656 1554 se
677 1500 857 1568 tradiderunt,
883 1501 975 1554 divisit
999 1501 1072 1554 idem
1098 1501 1249 1570 imperator
1273 1502 1362 1571 ipsam

241 1577 343 1627 terram
362 1573 433 1626 inter
450 1571 598 1641 episcopos,
617 1572 789 1640 presbyteros
809 1576 837 1625 et
855 1573 977 1640 abbates,
995 1577 1027 1625 ut
1045 1572 1074 1626 in
1092 1589 1125 1626 ea
1142 1572 1316 1642 predicarent
1334 1577 1363 1627 et

241 1645 413 1713 baptizarent
431 1647 459 1697 et
477 1643 604 1697 ecelesias
616 1642 783 1711 edificarent,
797 1660 867 1710 qnae
879 1661 945 1697 vero
956 1644 1050 1697 usibus
1063 1643 1196 1698 eiusmodi
1208 1645 1362 1698 necessaria
1381 1657 1406 1697 1⁶

241 1720 343 1781 essent,
371 1715 405 1768 ab
434 1714 493 1782 ipsa
518 1713 653 1782 imperiali
678 1713 865 1768 munificentia
893 1715 997 1784 large
1024 1714 1188 1783 acciperent.
1233 1713 1361 1770 Eodem

241 1803 350 1856 queque
377 1790 500 1854 tempore
519 1785 695 1839 Winidorum
720 1789 748 1839 et
772 1784 924 1838 Fresonum
951 1785 1058 1839 infinita
1085 1785 1263 1840 multitudine
1290 1786 1362 1840 sacri

240 1857 410 1926 baptismatis
428 1857 537 1910 lavacro
556 1857 694 1925 innovata,
712 1857 741 1909 in
753 1856 877 1909 terminis
888 1857 1010 1924 ipsorum
1022 1856 1233 1911 innumerabiles
1245 1857 1362 1912 fundate

125 1941 229 1989 aare.
240 1933 268 1982 et
293 1929 386 1982 dctate
411 1933 475 1981 sunt
500 1927 635 1998 augustali
659 1927 833 1996 providentia
862 1928 999 2000 ecclesiae.
1047 1927 1117 1981 (lum
1143 1928 1216 1981 enim
1243 1945 1259 1982 a
1286 1928 1360 1982 Deo

240 2000 382 2054 dilecto
407 2000 496 2052 multa
513 1999 568 2051 sint
592 2003 728 2067 reparata,
753 1999 838 2051 immo
864 2016 880 2051 a
905 1999 1089 2052 fundamentis
1114 1998 1240 2052 edificata
1264 2017 1360 2053 mona·
1379 2014 1406 2052 ao

240 2071 336 2140 steria,
366 2069 471 2124 XXIII
501 2070 550 2123 sub
583 2071 664 2123 certis
693 2069 788 2138 tytulis
819 2074 847 2122 et
876 2087 990 2123 numero
1021 2071 1055 2122 in
1086 2070 1236 2138 Aquitanis
1265 2087 1360 2140 regno

239 2144 356 2211 legimus
374 2140 579 2210 comprehensa.
617 2139 676 2208 Que
695 2141 787 2194 omnia
804 2140 954 2209 imperator
979 2143 1039 2194 auri
1057 2145 1085 2195 et
1106 2142 1213 2210 argenti
1230 2141 1360 2209 ponderi-

239 2214 290 2267 bus
321 2217 355 2266 et
384 2213 510 2266 multis
540 2212 690 2265 honoribus
720 2212 832 2279 ditavit,
870 2213 980 2280 insuper
1010 2212 1184 2279 reliquiarum
1220 2213 1361 2282 insignivit

102 2296 131 2335 a.
141 2297 189 2346 111,
198 2298 230 2338 10.
239 2284 412 2338 sanctissimis
442 2283 608 2353 patrociniis.
663 2283 741 2336 Inter
771 2287 863 2336 cetera
891 2299 1010 2351 namque
1039 2283 1234 2352 multiplicium
1264 2300 1360 2337 mona-

133 2368 163 2415 *ῃ
174 2369 227 2410 128‘.
239 2356 385 2409 steriorum
403 2354 510 2409 edificia
528 2355 614 2423 reguli
627 2353 813 2407 munificentia
825 2354 985 2422 ingentique
997 2354 1106 2408 *labore
1118 2355 1324 2408 monasteria
1332 2373 1359 2408 m
1379 2367 1405 2407 aa

239 2427 425 2479 Anianensisa
447 2425 599 2479 archisterii
617 2424 762 2491 edificavit,
782 2425 855 2493 quod
873 2425 902 2477 in
920 2425 1057 2479 honore
1079 2429 1204 2479 sancte
1228 2426 1360 2479 trinitatis

126 2496 393 2561 sa.1,14.aOOOIsX
412 2498 440 2549 et
459 2497 530 2549 senis
554 2495 730 2564 pontificibus
755 2497 907 2550 consecrari
932 2496 1005 2564 feeit,
1032 2496 1097 2549 ubi¹
1123 2497 1205 2550 etiam
1230 2497 1360 2551 abbatem

239 2567 420 2620 Benedictum
438 2567 550 2619 nomine
568 2566 718 2635 constituit,
744 2567 791 2635 qui
810 2566 888 2636 [000
906 2566 1133 2637 monachorum>
1155 2571 1234 2637 pater
1258 2568 1359 2624 extitit.

115 2652 143 2692 so.
154 2637 285 2702 111,5.le
304 2654 379 2705 auro,
404 2636 478 2704 quod
497 2637 529 2690 ei
546 2654 625 2706 reges
644 2642 672 2690 et
689 2637 826 2705 principes
844 2637 986 2707 Hyspanie
1005 2638 1148 2710 dederunt,
1170 2639 1244 2692 beati
1262 2637 1360 2693 Iacobi

240 2707 390 2777 basilicam,
409 2711 474 2760 tunc
491 2725 542 2777 per
559 2712 615 2761 tres
633 2725 717 2762 annos
735 2710 764 2761 in
781 2709 835 2762 illis
856 2709 930 2762 horis
955 2726 1135 2778 commorans,
1161 2711 1358 2778 augmentavit,
1378 2723 1404 2763 ac

240 2779 389 2832 antistitem
408 2783 436 2832 et
454 2780 599 2832 canonicos
617 2778 646 2831 in
665 2796 697 2833 ea
714 2779 834 2833 instituit
852 2797 967 2847 eamque
985 2780 1061 2834 libris
1080 2784 1108 2833 et
1132 2781 1230 2834 ceteris
1254 2784 1358 2835 uten-

239 2850 372 2903 silibus
391 2850 519 2904 decenter
537 2851 651 2906 ornavit.

84 2937 89 2944 “
141 2954 169 2996 a.
179 2954 199 3002 1,
208 2954 227 2993 a.
346 2938 508 3008 Specialiter
534 2957 583 3008 pre
610 2940 707 2993 ceteris
734 2939 815 2993 sacris
841 2947 869 2993 et
894 2939 1094 2994 venerabilibus
1121 2939 1189 2993 locis
1216 2939 1358 3013 ecclesiam

239 3011 425 3078 apostolorum
443 3010 521 3065 Petri
540 3015 568 3064 et
585 3009 665 3064 Pauli
683 3010 773 3064 Rome
796 3011 892 3078 coluit,
917 3011 947 3063 in
972 3010 1048 3065 euius
1071 3011 1184 3065 donana
1209 3012 1358 3065 multitudo

138 3094 167 3135 so.
178 3096 227 3144 aa.
237 3081 353 3149 pecunie
372 3086 501 3150 congesta
519 3086 567 3136 est.
611 3081 756 3136 Mandavit
780 3083 871 3150 etiam,
897 3085 929 3134 ut
953 3081 1137 3151 unusquisque
1162 3082 1304 3152 episeopus
1328 3083 1358 3136 in
1377 3095 1403 3136 co

238 3153 365 3207 omnibus
388 3154 468 3223 regni
493 3156 521 3207 et
546 3153 655 3221 imperii
682 3153 723 3206 sui
747 3151 847 3206 finibus
873 3171 934 3206 cum
962 3154 1017 3206 suis
1042 3153 1208 3222 presbyteris
1235 3152 1359 3208 officium

238 3223 376 3292 divinum,
404 3225 475 3279 sicut
504 3227 597 3277 sancta
623 3224 750 3278 Romana
779 3225 871 3292 psallit
902 3225 1031 3297 ecclesia,
1062 3225 1220 3280 celebraret.
1269 3224 1358 3278 Erat

141 3294 396 3359 a.1,a.Karolus
428 3295 623 3349 cenobiorum2
653 3296 816 3363 consolator,
845 3312 998 3364 pauperum
1027 3299 1114 3364 pater,
1146 3295 1357 3350 elemosinarum

127 3380 226 3430 aare.
237 3366 381 3420 munificus
399 3367 523 3436 largitor,
549 3365 672 3419 omnium
697 3367 758 3434 pius
783 3367 940 3435 subventor,
966 3367 1058 3420 eirca³
1081 3384 1216 3436 pauperes
1241 3367 1357 3420 susci·

237 3437 410 3507 piendos4
429 3443 457 3492 et
474 3437 645 3491 misericordi
664 3437 796 3491 fovendos
821 3437 923 3491 auxilio
949 3437 1146 3507 devotissimus,
1173 3442 1204 3492 ut
1229 3438 1276 3507 qui
1300 3455 1357 3492 non
1374 3453 1402 3492 40

237 3508 266 3561 in
290 3510 380 3576 patria
404 3510 492 3562 solum
518 3513 635 3576 crant,
660 3526 756 3562 verum
780 3512 855 3561 trans
878 3509 965 3562 maria
989 3509 1018 3562 in
1036 3508 1145 3578 Syriam
1169 3514 1197 3563 et
1215 3508 1357 3580 Egyptum

238 3583 320 3647 atque
334 3579 476 3648 Affricam,
489 3579 664 3647 Iercsolimis,
677 3579 845 3634 Alexandria
864 3583 946 3648 atque
958 3579 1114 3650 Kartagini,
1126 3580 1175 3634 ubi
1188 3579 1357 3634 Christianos

238 3651 267 3702 in
284 3654 446 3719 paupertate
464 3651 557 3704 vivere
576 3654 755 3718 compererat,
774 3652 889 3720 penurie
907 3667 1001 3704 eorum
1020 3652 1193 3721 compaciens
1210 3650 1356 3720 pecuniam

237 3722 390 3789 mittebat,
409 3721 567 3776 cathenatos
578 3720 608 3772 in
620 3721 743 3788 vinculis,
757 3739 900 3791 oppressos
916 3723 1075 3792 ergastulis
1088 3721 1189 3776 Christi
1200 3721 1295 3776 fideles
1307 3739 1357 3775 sua
1380 3719 1383 3725 ’

237 3792 367 3845 alimonia
384 3792 482 3845 redimi
500 3791 656 3845 mandabat.
694 3791 736 3846 Ob
756 3793 826 3847 *hoc
848 3793 969 3846 maxime
992 3793 1235 3847 transmarinorum
1257 3809 1356 3862 regum
1374 3808 1401 3848 aa

237 3863 373 3916 amicicias
401 3862 559 3931 expetebat,
586 3865 618 3915 ut
643 3861 801 3916 Christianis
828 3866 878 3918 sub
904 3880 999 3918 eorum
1026 3864 1169 3918 dominatu
1194 3864 1356 3934 degentibus
1375 3864 1460 3913 *21⁶1-

236 4059 258 4108 a)
273 4058 400 4098 amanensis
409 4070 427 4101 c.
475 4059 498 4108 b)
510 4069 570 4097 voces
579 4062 598 4097 et
607 4060 690 4097 litteras
701 4059 780 4098 deleas
789 4070 816 4098 ecc
825 4061 925 4108 Legenda
934 4061 1043 4109 suppleat,
1057 4061 1094 4102 SS.
1106 4061 1131 4098 X
1133 4061 1184 4110 ΥΠ,
1195 4072 1220 4109 p.
1232 4061 1278 4110 150,
1293 4062 1309 4101 l.
1320 4062 1354 4101 63.

236 4123 338 4150 numerus
352 4111 422 4151 0000
436 4112 522 4161 zepttur,
537 4114 574 4161 qul
588 4116 658 4151 tamen
672 4114 742 4160 spatio
757 4124 800 4151 non
814 4114 915 4156 convenit,

237 4287 263 4358 1)
289 4287 390 4341 ubi-
409 4288 502 4341 extitit
525 4306 559 4341 ex
580 4291 702 4356 Lepeadc
721 4291 862 4355 KaraliI,
887 4307 907 4345 e.
929 4293 970 4345 14.
1069 4292 1096 4360 2)
1123 4289 1301 4343 cenobiorum
1319 4322 1357 4332 -

235 4359 385 4413 subventor
408 4361 433 4426 I,
457 4378 478 4415 c.
498 4364 522 4415 6.
613 4365 640 4428 3)
667 4362 739 4414 circa
761 4393 797 4400 -
818 4362 977 4429 proveniret
1001 4371 1039 4428 (p.
1061 4365 1103 4428 17,
1129 4364 1147 4414 l.
1167 4364 1196 4426 1)
1221 4362 1245 4428 I,
1269 4377 1290 4418 o.
1311 4365 1355 4420 18.

234 4431 263 4501 4)
284 4432 325 4497 Cf.
343 4431 484 4484 Einharda'
504 4434 592 4485 Vitam
610 4432 681 4487 Kar.
700 4449 721 4487 c.
739 4435 781 4487 21.
