2970 4950
228 441 265 496 36
542 433 724 493 ANNALES
742 433 1033 490 MARBsansus

151 627 219 668 seru.
228 615 336 740 mittraete1
343 613 492 681 ordinatus,
510 617 574 681 post
592 616 720 680 quartum
738 628 861 666 mensem
886 612 927 664 sui
952 610 1128 680 pontificatus
1153 612 1227 667 diem
1252 615 1352 668 clausit

229 704 264 741 ex
336 703 391 740 um.

336 764 513 833 Sequenti
556 779 648 816 anno
685 761 775 816 Rome
818 762 969 817 cardinales
1005 761 1136 816 Ottonem
1172 762 1351 818 Hostiensem

229 837 388 906 episcopum
407 835 603 889 ordinaverunt
621 835 700 903 eique
718 850 819 887 nomen
837 833 943 888 Urbani
961 833 1073 886 secundi
1091 833 1258 888 indiderunt.
1295 834 1352 904 Qui

228 908 316 962 missis
343 907 442 960 litteris
471 907 598 960 omnibus
625 905 765 959 catholicis
792 905 891 958 inter
919 907 1044 958 cetera
1070 905 1186 973 vestigia
1211 922 1387 966 suorums

228 977 466 1048 predecessorum
493 976 621 1046 Gregorii
648 980 684 1030 et
706 976 875 1030 Victoris
902 975 937 1027 in
965 974 1181 1029 Heinricum
1209 979 1245 1029 et
1272 976 1351 1030 eius

228 1049 398 1103 fautores
415 1065 444 1102 se
462 1049 671 1102 observaturum
692 1045 875 1100 denunciavit.
911 1045 1044 1099 Eodem
1063 1063 1155 1099 anno
1173 1045 1351 1101 Hermannus

228 1137 277 1174 rex
296 1119 446 1174 catholicus
464 1120 493 1172 in
511 1117 692 1188 Lotharingia
710 1117 805 1170 obiit
824 1132 895 1168 anno
913 1117 991 1186 regni
1010 1117 1067 1170 eins
1079 1116 1148 1173 VH.
1168 1121 1196 1171 et
1213 1118 1243 1171 in
1260 1119 1351 1186 patria

228 1208 277 1245 sua
296 1189 446 1245 honorifice
464 1190 601 1259 sepelitur.

336 1278 420 1332 Anno
438 1277 550 1332 Domini
568 1274 810 1331 MLXXXVIIII.
847 1274 976 1330 Urbanus
1000 1293 1073 1345 papa
1095 1277 1260 1331 Gebehardo
1280 1276 1350 1331 (lon-
1369 1298 1396 1337 ro

229 1349 374 1404 stantiensi
399 1353 427 1402 et
451 1348 603 1402 Altmanno
628 1347 784 1400 Pataviensi
809 1348 937 1416 episcopo
962 1347 992 1400 in
1017 1347 1190 1416 Alemannis,
1215 1347 1350 1418 Bawaria,

230 1420 351 1474 Saxonis
382 1423 410 1473 et
439 1420 475 1472 in
506 1418 565 1471 aliis
591 1417 688 1471 vicinis
714 1418 873 1487 regionibus
900 1419 988 1472 vicem
1018 1436 1096 1472 suam
1124 1420 1269 1476 commisit.
1315 1419 1350 1473 In

231 1490 389 1545 Teutonicis
415 1506 565 1558 namque
584 1489 707 1558 partibus
732 1488 891 1559 quinque
916 1489 1037 1558 episcopi
1062 1490 1091 1543 in
1116 1490 1251 1544 catholica
1275 1508 1350 1545 com·

231 1561 361 1615 munione
398 1577 437 1615 eo
473 1564 637 1628 tempore
671 1560 865 1629 perstiterunt,
901 1561 1029 1615 videlicet
1058 1561 1350 1631 W[irne]bnrgensis⁸,

230 1631 407 1700 Pataviensis,
429 1630 649 1697 wormaciensis,
677 1629 891 1684 constantiensis
918 1635 946 1684 et
972 1630 1113 1699 Metensis,
1141 1649 1259 1699 quornm
1285 1648 1349 1686 con·
1369 1650 1396 1690 rs

231 1703 398 1757 fortamento
416 1703 515 1771 reliqui
532 1701 660 1756 catholici
678 1701 835 1755 scismaticis
848 1719 864 1754 a
875 1702 1010 1770 principio
1022 1702 1189 1757 restiterunt.
1215 1701 1349 1757 Idodem

231 1790 323 1827 anno
342 1771 427 1844 Hugo
449 1790 539 1827 comes
564 1772 598 1826 de
616 1771 792 1842 Egensheim,
812 1772 961 1825 indefessus
982 1772 1060 1825 miles
1085 1774 1172 1825 sancti
1192 1772 1277 1841 Petri,
1302 1774 1350 1828 sed

230 1843 346 1898 nimium
365 1844 491 1898 credulus
509 1842 638 1897 Ottoni
651 1845 700 1896 Ar
706 1843 917 1913 gentinensi
935 1841 1177 1913 pseudoepiscopo,
1197 1860 1214 1897 a
1231 1845 1348 1899 servien-

141 1935 220 1990 1089.
230 1932 303 1987 tibus
329 1932 450 1987 eiusdem
476 1931 595 2002 episcopi
617 1919 813 1984 Haselahel
838 1930 972 1984 occiditur
997 1930 1026 1984 in
1050 1932 1177 1986 cubiculo
1203 1949 1266 1986 cum
1291 1933 1350 2002 ipso

231 2004 267 2059 ad
296 2003 489 2058 dormiendum
519 2004 675 2059 collocatus.
724 2001 855 2056 Eodem
885 2019 976 2055 anno
1006 2001 1176 2056 nobilissima
1206 2002 1350 2058 Methildis
1367 2021 1396 2061 sc

231 2075 498 2130 marchionissa
522 2073 584 2127 Wel
605 2074 671 2127 honi
699 2072 769 2141 duci,
796 2071 854 2126 filio
876 2072 1038 2142 Welphonis
1065 2072 1142 2127 ducis
1171 2073 1349 2144 [Bawlarieb,

232 2146 359 2217 coniugio
379 2146 523 2215 copulatur
541 2148 569 2198 et
585 2092 639 2199 floc
657 2143 752 2213 utique
769 2160 825 2197 non
843 2147 901 2197 tam
919 2161 970 2212 pro
988 2144 1186 2198 incontinentia
1204 2163 1287 2214 quam
1298 2163 1350 2215 pro

230 2217 350 2274 Romani
362 2215 541 2287 p[0nti]ficis³
554 2216 719 2283 obedientia,
731 2219 761 2267 ut
772 2218 850 2268 tanto
862 2214 967 2268 virilius
979 2219 1072 2269 sancte
1080 2215 1206 2270 Romane
1218 2217 1351 2290 ecclesias

231 2293 327 2344 contra
345 2287 554 2342 scismaticos
571 2291 664 2356 posset
681 2286 866 2356 sub[venire².
902 2286 945 2339 De
961 2288 1058 2357 quo⁰]
1076 2286 1223 2341 Heinricus
1242 2288 1350 2341 omni·

231 2359 346 2413 modis
373 2358 545 2413 indoluit.
586 2356 671 2427 ipso
696 2356 934 2412 annoUrbanus
952 2375 1024 2427 papa
1041 2359 1197 2428 generalem
1215 2357 1351 2427 synodum
1368 2375 1396 2414 ar>
1430 2397 1432 2400 ι

122 2439 154 2488 ·r.
165 2439 221 2481 ηδ’.
232 2430 344 2501 collegit
362 2435 389 2484 et
414 2428 639 2500 [ecclesiastlicaa
661 2429 782 2498 [sta]tuta
806 2431 935 2481 *suorum
959 2428 1182 2497 predecessorum
1200 2429 1351 2498 apostolica

231 2500 396 2555 auctoritate
413 2500 540 2555 firmavit.
572 2498 727 2553 Gwibertus
745 2503 837 2553 autem
855 2498 1040 2553 heresiarches
1060 2500 1220 2554 aRomanis
1231 2501 1351 2570 turpiter

232 2571 380 2640 expellitur
398 2575 433 2639 et,
451 2587 486 2623 ne
505 2568 622 2638 amplius
640 2570 817 2637 apostolicam
835 2569 928 2624 sedem
946 2569 1077 2624 invadere
1100 2575 1250 2640 presumat,
1275 2573 1349 2624 iura·

232 2646 326 2696 mento
356 2642 516 2710 promittere
547 2640 727 2708 compellitur.
782 2640 882 2695 Adeo
918 2658 1069 2709 namque
1106 2641 1234 2696 diuturna
1269 2643 1349 2713 regni

232 2711 369 2767 discordia
388 2711 460 2765 inter
478 2710 625 2764 catholicos
644 2715 673 2765 et
696 2710 862 2766 scismaticos
886 2715 1025 2781 tepescere
1051 2712 1131 2782 cepit,
1157 2715 1188 2766 ut
1211 2729 1268 2766 non
1292 2713 1349 2766 iam
1368 2729 1397 2770 so

231 2783 336 2838 bellum
361 2782 396 2836 ad
422 2781 548 2849 invicem,
574 2781 622 2835 sed
645 2799 742 2850 pacem
768 2799 932 2852 componere
957 2783 1047 2836 sanius
1072 2783 1231 2838 iudicarent.
1275 2782 1349 2853 Qua-

229 2858 345 2979 flropter
362 2852 465 2922 Welph
490 2852 547 2906 dux
571 2852 714 2907 Bawarie2
738 2858 773 2908 et
800 2854 917 2908 ceteri
944 2853 1037 2908 fideles
1064 2854 1153 2908 sancti
1179 2853 1257 2908 Petri
1285 2871 1349 2908 cum

261 2924 361 2979 ernrim
381 2923 549 2992 colloquium
567 2924 722 2978 habuerunt
740 2925 818 2993 eique
836 2941 915 2978 suum
935 2925 1078 2978 consilium
1103 2928 1132 2979 et
1156 2925 1287 2978 auxilium
1313 2925 1349 2978 ad

230 2994 410 3050 obtinendum
433 3012 550 3065 regnum
574 2995 728 3048 firmissime
752 2995 944 3063 promiserunt,
971 2996 993 3049 si
1011 2994 1174 3049 Gwibertus
1199 2996 1343 3050 heresime

229 3067 312 3122 vellet
337 3065 478 3121 dimittere
504 3069 531 3120 et
556 3065 590 3119 ad
616 3065 827 3140 ecclesiasticam
852 3066 1074 3120 communionem
1100 3083 1237 3136 remeare;
1266 3084 1348 3136 quam
1367 3081 1396 3122 eo

229 3137 416 3193 conditionem
434 3155 485 3192 nec
503 3137 560 3206 ipse
579 3137 697 3190 multum
715 3139 864 3204 respueret,
890 3136 913 3190 si
931 3141 1024 3191 tamen
1042 3137 1071 3190 in
1089 3138 1141 3191 hoc
1160 3138 1186 3191 ei
1210 3138 1348 3207 principes

230 3209 271 3263 sui
289 3209 419 3263 assentire
437 3209 546 3279 vellent,
560 3207 688 3262 videlicet
706 3207 827 3276 episcopi
839 3207 887 3276 qui
898 3225 927 3262 se
940 3224 1003 3272 cum
1016 3206 1158 3262 Gwiberto
1171 3208 1349 3280 deponendos

230 3296 286 3335 esse
310 3296 366 3334 non
391 3280 597 3347 dubitaverunt,
623 3295 656 3333 eo
682 3277 756 3345 quod
781 3279 810 3331 in
835 3279 892 3332 eius
917 3283 997 3347 parte
1022 3279 1234 3348 ordinationem,
1262 3280 1349 3334 immo

229 3352 432 3407 execrationem
459 3351 648 3420 perceperunt,
694 3347 745 3402 Hii
772 3350 798 3402 ei
824 3349 933 3418 penitus
961 3349 1159 3418 dissuaserunt,
1192 3368 1227 3405 ne
1254 3354 1349 3404 sancte

229 3422 360 3497 ecclesiae
378 3423 608 3477 reconciliaretur.
1366 3435 1397 3475 ιο

228 3620 251 3666 a)
265 3629 325 3658 eoem
338 3621 357 3656 u
371 3618 454 3657 litteras
467 3618 547 3656 deletus
560 3626 587 3656 ex
600 3617 666 3656 Rern.
681 3618 752 3666 suppl.
808 3616 831 3668 u)
845 3620 896 3655 notu
910 3617 1040 3664 meruissetis
1053 3627 1107 3658 suec.
1119 3617 1145 3656 X
1148 3617 1175 3657 V:
1189 3618 1271 3657 coniux
1285 3616 1348 3658 ducis

229 3671 371 3720 Noricorum
386 3680 413 3708 en
427 3670 486 3718 salsa
499 3670 622 3709 Wilmunes's'
635 3671 734 3709 luetone:
749 3667 786 3709 die
800 3681 818 3708 s.
833 3669 904 3708 Maris
914 3670 989 3717 potius
1002 3671 1105 3710 Bawarle
1121 3671 1221 3711 cunutus.
1278 3670 1298 3722 c)
1316 3671 1349 3710 tte

234 3723 343 3763 Wilmons.
398 3723 421 3771 d)
435 3723 575 3764 Gwlbertum
588 3723 756 3763 heresiarcham
769 3723 898 3761 Bernoldus.

229 3898 255 3968 1)
281 3899 370 3951 Locus
395 3899 539 3963 homicidii,
564 3899 595 3950 de
620 3914 672 3965 quo
696 3899 872 3964 Grundidier,
894 3897 1016 3952 ‘Oeueres
1040 3899 1202 3968 historiques
1227 3899 1347 3952 ineditas’

227 3970 267 4034 Π,
281 3986 312 4036 p.
330 3971 388 4024 144.
407 3971 467 4035 epit,
488 3970 555 4021 alibi
571 3985 626 4021 non
643 3971 766 4021 truditur
783 3973 840 4021 nisi
857 3972 931 4037 upud
948 3971 1096 4023 Iohannem
1113 3971 1144 4024 de
1162 3972 1283 4037 Benene,
1301 3972 1348 4038 qni
1365 3984 1396 4024 45

227 4042 257 4092 e'n
277 4041 407 4093 Chronico
424 4040 546 4093 Maeliani
563 4042 721 4093 monasterii
744 4041 914 4107 (Bethomme,
933 4043 1114 4108 Antiquitutes
1137 4045 1233 4095 montis
1253 4042 1348 4109 Vopess'

223 4128 254 4178 p.
267 4112 333 4170 265)
352 4111 434 4162 locum
453 4112 553 4163 indicat
570 4111 600 4162 in
618 4110 749 4164 suburbio
768 4111 938 4178 Argentinae
957 4112 1031 4180 quod
1050 4128 1173 4166 sermone
1193 4112 1347 4166 accolarum

227 4180 349 4235 Helleim
386 4186 508 4237 vocatur.
563 4182 735 4234 Chronistum
768 4188 890 4234 nostrum
920 4183 1020 4236 brnen
1049 4186 1173 4236 notitiam
1202 4186 1234 4236 ele
1264 4188 1348 4236 morte

227 4253 352 4319 Hupons's
378 4255 480 4304 comitis
507 4254 537 4303 in
564 4254 717 4305 Annalibus
743 4255 931 4320 imperialibus
955 4255 1097 4320 Arpenttn.
1126 4257 1254 4308 inuenisse
1280 4257 1348 4307 sotis

227 4325 369 4376 rrerssnnile
386 4330 440 4386 est,·
460 4325 495 4388 cf.
515 4327 732 4376 commentarium
751 4340 844 4380 meum.
927 4325 955 4392 2)
972 4324 1074 4394 Welph
1093 4323 1148 4377 dux
1166 4324 1291 4379 Bawarie
1312 4329 1346 4391 ef.
1366 4339 1396 4379 ne

227 4395 393 4447 Bernoldum
412 4397 455 4450 ud.
474 4411 499 4450 u.
520 4397 597 4451 1091.
