2970 4950
245 445 279 498 14
559 438 740 494 ANNAIAES
757 437 1049 496 MARBAOENSES.

115 603 311 695 ¹¹2⁹jsK2‘mtunc
340 618 471 687 temporis
501 618 605 671 latebat
635 615 813 687 incognitum.
862 616 924 670 Hec
955 616 1040 686 igitur
1070 634 1133 670 cum
1162 615 1284 670 Karolus
1313 633 1367 686 per

177 685 184 704 '
207 684 213 696 ’
244 690 363 760 singulas
387 706 458 758 pene
482 694 575 743 noctes
600 689 777 756 conspiceret,
803 688 931 757 apparuit
956 688 988 742 ei
1013 688 1173 757 [beatusa
1195 687 1367 758 Iacobus]

244 777 294 813 am
302 778 329 813 m
337 778 354 814 o
362 778 428 813 nen
436 778 462 830 s,
482 763 520 813 ut
537 761 572 814 ad
584 759 796 828 expugnandam
807 758 972 828 perfidiam
985 762 1012 813 et
1024 759 1187 813 visitandam
1200 759 1365 813 memoriam

136 842 167 891 *r
180 832 314 886 rancias
331 833 361 884 in
380 831 514 886 Galiciam
533 830 675 900 proficisci
692 830 843 899 deberet,
867 832 908 884 *et
930 833 993 898 post
1016 847 1088 884 sum
1113 846 1207 883 omnes
1231 831 1329 898 populi
1348 847 1365 884 a

242 903 416 971 mariusque
436 903 471 956 ad
488 919 564 955 mare
583 902 788 971 peregrinantes
807 905 835 954 et
860 900 1023 954 delictorum
1047 918 1159 954 suorum
1177 901 1285 953 veniam
1312 901 1364 954 im·
1384 918 1398 958 t

242 975 382 1042 plorantes
400 974 466 1027 illuc
484 973 550 1026 ituri
569 977 679 1026 essent
698 990 714 1025 a
732 972 901 1040 temporibus
920 972 988 1026 suis
1006 989 1092 1040 usque
1111 972 1146 1025 ad
1163 970 1248 1025 finem
1269 972 1365 1028 seculi.

243 1044 347 1113 Quibus
365 1045 516 1113 imperator
534 1044 681 1097 excitatus
700 1046 728 1096 et
743 1042 908 1096 ammonitus
927 1047 1008 1111 atque
1021 1044 1201 1112 promissione
1213 1043 1365 1112 apostolica

243 1115 337 1182 fretus,
361 1115 521 1169 coadunatis
549 1115 712 1168 exercitibus
739 1114 831 1167 multis
858 1131 1016 1184 expugnare
1043 1119 1138 1184 gentes
1160 1112 1302 1183 Hyspanie
1331 1118 1365 1168 et

117 1199 147 1241 aa
156 1198 204 1248 111,
212 1199 232 1242 a.
244 1186 376 1241 Galicie
395 1202 537 1256 aggressus
556 1189 604 1240 est.
642 1184 735 1237 Prima
747 1186 821 1253 urbs,
839 1202 922 1253 quam
938 1185 1079 1239 obsidione
1092 1185 1185 1253 cinxit,
1198 1184 1365 1253 Pampilona

243 1257 349 1324 extitit,
381 1260 409 1310 et
436 1257 507 1310 sedit
533 1256 605 1310 circa
632 1273 693 1310 eam
720 1255 808 1310 tribus
834 1256 988 1326 mensibus;
1016 1256 1064 1310 sed
1092 1273 1152 1309 eam
1181 1272 1280 1324 capere
1306 1272 1364 1310 non
1385 1274 1410 1313 ιο

242 1331 359 1396 poterat,
387 1327 452 1395 quia
478 1328 563 1380 muris
590 1327 847 1396 inexpugnabilibus
874 1328 981 1380 munita
1005 1331 1071 1382 erat.
1116 1327 1195 1381 Tunc
1213 1343 1308 1396 prece
1328 1327 1364 1380 ad

243 1399 392 1451 Dominum
410 1403 439 1452 et
457 1398 498 1452 ad
518 1400 654 1451 *sanctum
667 1397 801 1452 Iacobum
819 1399 906 1466 fusa,
925 1399 997 1452 muri
1016 1398 1150 1453 confracti
1168 1397 1290 1451 funditus
1303 1415 1363 1452 cor·
1384 1408 1470 1458 *arou

243 1472 372 1536 ruerunt,
399 1471 469 1522 sicut
499 1470 601 1538 legitur
631 1469 760 1522 divinitus
790 1469 893 1522 factum
922 1469 956 1523 de
983 1469 1068 1523 muris
1095 1468 1214 1526 Iericho.
1262 1468 1363 1538 Itaque

244 1539 408 1594 Sarracenos
436 1540 483 1608 qui
506 1540 640 1609 baptizari
664 1541 811 1594 voluerunt
838 1540 873 1592 ad
900 1542 986 1595 vitam
1013 1541 1162 1594 reservavit
1190 1557 1290 1608 eosque
1315 1541 1364 1609 qui

244 1617 412 1664 rennuerunt
430 1611 522 1680 gladio
541 1611 677 1665 feriendos
695 1611 818 1666 tradidit.
854 1611 906 1665 His
926 1612 1025 1664 auditis
1051 1611 1136 1665 ceteri
1154 1610 1296 1665 Sarraceni
1322 1612 1363 1665 in·
1384 1626 1410 1665 (ὁ

244 1682 392 1736 victissimo
411 1682 516 1735 Karolo
535 1682 635 1751 ubique
654 1700 711 1736 sese
730 1683 759 1736 in
781 1682 953 1737 dedicionem
976 1683 1124 1736 tradebant
1148 1684 1311 1751 obviamque
1337 1683 1364 1736 ei

244 1754 349 1806 tributa
366 1754 514 1807 mittebant
532 1758 559 1807 et
577 1754 659 1807 urbes
677 1755 749 1807 ultro
768 1753 928 1822 reddebant,
940 1758 1072 1821 totaque
1083 1771 1150 1823 gens
1169 1754 1204 1806 in
1216 1753 1364 1808 Galicia

244 1824 335 1878 valida
370 1828 397 1878 et
424 1823 602 1878 robustab
633 1825 715 1878 armis
749 1825 861 1879 abiectis
898 1825 1158 1894 imperatorem
1186 1824 1363 1878 Karolum

243 1894 392 1949 honorifice
411 1899 439 1949 et
456 1895 570 1964 pacifice
588 1895 726 1964 recepit.
769 1895 876 1949 Deinde
894 1896 1014 1950 Karolus
1039 1896 1148 1950 visitato
1174 1896 1249 1949 beati
1266 1894 1364 1951 Iacobi

243 1967 368 2034 sepulcro
388 1968 501 2020 accessit
520 1968 554 2020 ad
573 1972 680 2035 petram
697 1966 845 2027 limitarem
864 1971 892 2021 et
910 1966 1000 2020 infixit
1018 1968 1046 2021 in
1059 1968 1128 2020 mari
1139 1968 1263 2020 lanceam
1275 1984 1362 2035 suam,
1382 1982 1409 2020 ao

243 2054 328 2161 {gens
354 2037 412 2120 Deo
439 2042 532 2162 grlatatcs
559 2044 587 2120 et
614 2042 707 2091 sancto
734 2037 846 2162 Iacolt)o‚
874 2039 920 2107 qui
946 2039 1026 2091 illum
1055 2038 1196 2106 hucusque
1225 2037 1362 2105 duxisset,

263 2126 345 2177 mens,
364 2126 428 2178 qma
446 2128 464 2162 u
488 2126 560 2163 erius
578 2127 619 2162 ire
637 2126 706 2162 non
724 2126 823 2177 posse.

116 2207 233 2257 sarrae.
349 2197 470 2253 Reverso
507 2198 618 2252 demum
654 2199 683 2251 in
720 2197 838 2251 Galbam
875 2198 980 2252 Karolo
1010 2197 1129 2266 Magno,
1166 2197 1277 2266 quidam
1313 2214 1363 2251 rex

244 2269 349 2323 Affrice
373 2271 485 2323 nomine
510 2269 664 2323 Aiolandns
690 2285 752 2323 cum
779 2271 902 2323 exercitu
927 2274 1030 2323 terram
1055 2269 1196 2338 Hyspanie
1221 2268 1273 2322 sibi
1298 2269 1362 2321 sub·
1463 2271 1465 2274 ’

243 2341 357 2410 iugavit,
376 2341 527 2394 interfectis
545 2340 678 2395 universis
697 2341 844 2408 eiectisque
862 2340 897 2394 de
915 2340 1023 2409 oppidis
1035 2345 1062 2393 et
1075 2340 1189 2394 urbibus
1201 2339 1363 2394 Christianis
1381 2353 1408 2393 aa

245 2411 414 2479 custodibus,
443 2428 511 2478 quos
542 2410 576 2464 ad
607 2411 813 2465 custodiendam
843 2415 944 2465 terram
975 2411 1130 2484 reliquerat.
1178 2411 1231 2464 His
1261 2410 1362 2464 auditis

244 2482 362 2536 Karolus
393 2500 457 2535 cum
487 2499 587 2551 magno
619 2482 742 2535 exercitu
776 2500 884 2535 rursum
917 2482 1100 2551 proficiscitur
1132 2483 1161 2535 in
1191 2482 1362 2550 Hyspaniam

119 2554 457 2620 u.111,v.reperitque
485 2552 680 2621 Agyolandum
710 2553 739 2605 in
770 2570 866 2606 ameno
896 2558 982 2622 prato
1010 2571 1092 2623 super
1118 2553 1258 2607 fluvium
1288 2553 1363 2620 quod

244 2627 358 2676 vocatur
382 2622 455 2690 (leia,
482 2624 530 2676 ubi
553 2627 648 2692 postea
677 2624 789 2677 basilica
818 2625 962 2678 beatorum
993 2629 1144 2693 martyrum
1169 2623 1304 2678 Facundii
1334 2627 1363 2678 et

245 2693 384 2747 Primitivi
414 2695 454 2746 ab
492 2694 568 2762 ipso
599 2696 721 2748 noscitur
750 2696 891 2752 fabricata.
946 2695 1239 2765 Appropinquantibus
1269 2698 1363 2748 autem
1382 2711 1409 2750 so
1432 2748 1435 2753 .

245 2764 539 2818 Christianorum
558 2766 730 2833 exercitibus,
749 2766 889 2820 mandavit
907 2767 1086 2836 Agyolandus
1097 2767 1202 2820 Karolo
1221 2767 1362 2834 optionem

245 2835 387 2905 pugnandi
405 2837 553 2890 secundum
571 2837 643 2892 velle
668 2855 755 2906 suum,
780 2839 823 2891 vel
841 2838 898 2891 XX
916 2843 1011 2892 contra
1029 2839 1093 2907 XX,
1118 2838 1164 2892 vel
1188 2837 1240 2891 XL
1266 2841 1363 2890 contra

244 2907 369 2975 totidem,
394 2907 439 2960 vel
463 2912 573 2961 centum
598 2912 693 2962 contra
715 2908 745 2976 0,
771 2910 815 2962 vel
840 2910 916 2963 mille
941 2909 1070 2963 adversus
1095 2909 1213 2975 mille,
1237 2909 1282 2962 vel
1306 2924 1362 2961 uno

245 2983 342 3032 contra
365 2996 459 3047 unum,
480 2980 524 3033 vel
550 2979 656 3034 duobus
681 2984 777 3033 contra
804 2980 872 3034 duos
898 2981 1107 3036 decertantibus.
1150 2979 1261 3033 Interea
1286 2978 1364 3032 misai

245 3052 308 3102 sunt
327 3067 343 3101 a
360 3049 466 3103 Karolo
485 3055 594 3104 centum
614 3056 709 3104 contra
727 3050 748 3103 G
767 3051 924 3119 Agyolandi
949 3052 1057 3120 milites,
1084 3057 1111 3105 et
1136 3050 1275 3104 interfecti
1299 3055 1409 3105 suntet

245 3121 397 3177 Sarraceni.
433 3121 540 3174 Deinde
558 3122 631 3175 misit
649 3122 677 3174 A
696 3122 828 3189 yolandus
848 3121 892 3175 00
911 3127 1006 3176 contra
1025 3122 1069 3176 00
1087 3121 1187 3176 Karoli
1204 3121 1314 3190 milites,
1335 3125 1363 3175 et

245 3193 337 3245 statim
365 3193 446 3246 occisi
473 3197 536 3246 sunt
564 3211 658 3247 omnes
718 3193 784 3249 auri.
830 3192 969 3247 Iterum
996 3194 1070 3246 misit
1098 3192 1277 3263 Agyolandus
1307 3193 1362 3246 duo

244 3264 321 3316 milia
339 3268 435 3317 contra
452 3264 506 3318 duo
525 3265 609 3332 milia,
628 3281 643 3316 e
662 3264 759 3331 quibus
778 3264 831 3316 alia
848 3281 912 3333 pars
931 3264 1019 3318 occisa
1038 3270 1086 3332 est,
1106 3266 1159 3318 alia
1177 3268 1255 3335 terga
1269 3265 1361 3320 vertit.

246 3334 342 3388 Tercia
366 3353 431 3389 vero
456 3334 500 3388 die
524 3337 590 3389 iecit
614 3339 699 3388 sortes
724 3334 904 3404 Agyolandus
928 3340 1042 3403 secreto,
1069 3337 1099 3389 in
1123 3337 1222 3404 quibus
1249 3335 1364 3404 agnovit

245 3405 344 3459 Karoli
363 3406 566 3474 detrimentum,
586 3411 614 3460 et
631 3405 771 3459 mandavit
789 3407 822 3474 ei,
841 3410 872 3459 ut
890 3406 925 3461 ad
943 3424 1065 3477 pugnam
1089 3406 1241 3476 plenariam
1267 3410 1363 3460 contra
1380 3421 1408 3460 (ο

246 3493 308 3529 eum
336 3477 380 3532 die
408 3478 532 3545 sequenti
558 3477 678 3545 veniret,
707 3477 781 3544 quod
808 3477 842 3530 ab
870 3481 985 3546 utraque
1015 3483 1094 3547 parte
1125 3495 1282 3532 concessum
1313 3482 1362 3532 est.

246 3546 324 3601 Tunc
342 3547 487 3601 astiterunt
505 3548 616 3616 quidam
635 3565 669 3601 ex
688 3547 856 3616 Christianis,
875 3549 921 3617 qui
939 3566 999 3603 sero
1019 3548 1174 3602 antediem
1197 3549 1264 3602 belli
1287 3566 1364 3602 arma

246 3635 294 3671 sua
312 3619 410 3672 bellica
429 3619 548 3672 studiose
566 3623 742 3687 preparantes
763 3619 854 3673 hastas
879 3638 940 3673 suas
964 3621 993 3673 iu
1018 3625 1091 3674 terra
1115 3619 1235 3674 fixerunt
1259 3625 1363 3674 erectas

246 3693 310 3742 ante
335 3693 436 3757 castra,
462 3690 565 3743 scilicet
589 3691 617 3743 in
641 3691 726 3758 pratis
751 3690 829 3744 iuxta
852 3691 990 3759 prefatum
1015 3691 1133 3760 flumen;
1161 3708 1228 3759 quas
1255 3708 1362 3744 summo

245 3777 326 3814 mane
345 3761 492 3815 corticibus
511 3764 539 3814 et
557 3760 700 3814 frondibus
720 3762 883 3815 invenerunt
908 3763 1033 3816 vestitas:
1060 3763 1100 3816 hii
1124 3763 1236 3827 scilicet,
1262 3762 1309 3830 qui
1334 3761 1363 3815 in
1381 3775 1409 3815 an

246 3833 305 3884 acie
324 3831 450 3900 proxima
466 3831 587 3899 palmam
605 3833 730 3900 martyrii
747 3850 798 3900 pro
816 3832 870 3885 fide
884 3832 984 3886 Christi
1001 3839 1079 3887 erant
1098 3833 1244 3902 accepturi.
1281 3831 1363 3887 Unde

245 3902 319 3954 ultra
347 3919 426 3970 quam
457 3902 512 3955 dici
539 3903 579 3955 sas
610 3908 651 3957 est
681 3904 856 3957 ammirantes
886 3908 1049 3972 tantumque
1078 3906 1241 3958 miraculum
1271 3903 1363 3957 divine

245 3973 334 4042 gratie
352 3976 381 4026 et
401 3972 505 4025 meritis
529 3973 648 4043 fideique
669 3975 843 4042 imperatorie
869 3975 1035 4029 ascribentes
1060 3976 1253 4030 absciderunte
1276 3991 1364 4044 prope

246 4048 361 4111 terram,
381 4061 495 4110 quarum
514 4045 628 4113 radices,
647 4063 716 4113 quae
729 4045 757 4098 in
772 4051 846 4099 terra
858 4051 1055 4114 remanserunt,
1068 4065 1103 4100 ex
1115 4064 1144 4101 se
1155 4051 1250 4116 postea
1262 4063 1364 4115 magna

246 4267 269 4314 a)
287 4267 347 4305 urata
364 4268 447 4306 inclina
460 4279 516 4318 psas
534 4271 602 4309 delato
616 4279 643 4308 aa
655 4272 707 4307 nota
720 4269 839 4316 marginali
851 4280 908 4309 socr.
922 4271 971 4313 XV.
986 4271 1089 4320 supplevi.
1156 4271 1178 4323 b)
1193 4273 1263 4309 textas
1277 4269 1363 4309 omnino
1382 4267 1408 4308 50

246 4324 367 4367 corruptus.
395 4321 430 4368 Of.
445 4322 568 4370 Lapurdum
581 4322 662 4361 Karoli
675 4322 723 4370 111,
737 4333 754 4365 c.
764 4322 784 4371 ³,
798 4323 836 4361 uer
849 4324 940 4372 legitur:
954 4335 1008 4370 gens
1021 4324 1168 4364 Sarracenica
1181 4324 1261 4363 videns
1276 4327 1364 4370 gentem

245 4371 356 4465 gyslam
366 4373 567 4468 lalffignpnsogleiecjt
586 4380 609 4414 et
622 4372 728 4414 decenter
744 4380 853 4418 ornatam.
923 4378 943 4425 c)
961 4377 1037 4416 hastas
1050 4378 1085 4416 hs'c
1099 4381 1118 4415 at
1131 4378 1154 4414 in
1168 4378 1237 4425 aratus
1250 4376 1364 4424 namara
