2970 4950
518 425 698 481 ANNALIIS
717 425 1004 480 MARBAGENSIIS.
1288 429 1322 482 57

312 612 413 675 Anno
438 611 579 675 Domini
602 610 863 675 MOLXXXVI.
900 612 1092 694 Imperator
1116 610 1208 692 apud
1226 610 1320 673 Wor-
1333 616 1410 669 1187.

206 701 351 764 maciam
386 701 514 764 curiam
552 700 675 763 habuit
686 700 706 777 ¹,
742 702 778 762 in
813 721 880 782 qua
910 701 1158 783 Magantinus2
1191 702 1226 762 et
1261 699 1409 768 aliiraw.)

207 790 358 872 episcopi
380 794 495 872 preter
510 789 718 873 Phylippum
737 788 973 853 Coloniensem
994 789 1290 871 archiepiscopum
1299 788 1319 864 ³,

206 879 265 960 qui
289 882 387 942 erant
411 879 605 962 supradicte
630 878 885 955 coniurationis,
910 881 951 940 ut
974 877 1162 954 dicebatur,
1183 877 1320 954 conscii,

174 988 241 1032 sse
266 967 512 1050 expurgabant.

313 1056 442 1120 Eodem
466 1078 556 1119 anno
580 1057 722 1140 hyemps
747 1056 868 1133 calida,
893 1057 943 1118 ita
966 1056 1056 1138 quod
1081 1056 1117 1117 in
1137 1055 1320 1118 Decembri
1333 1061 1409 1114 1186.

207 1148 242 1208 et
272 1145 434 1208 Ianuario
470 1145 578 1209 multe
614 1146 751 1210 arbores
785 1145 963 1221 florerent,
998 1145 1035 1206 in
1067 1144 1191 1226 quibus
1230 1144 1381 1207 circana.

207 1234 428 1297 Februarium
454 1235 528 1317 pira
552 1235 747 1316 quantitate
770 1235 807 1296 in
838 1233 977 1296 modum
1009 1233 1164 1296 arellane
1196 1239 1408 1315 magnallssi.

206 1323 514 1405 conspiciebantur,
555 1323 647 1387 corvi
682 1344 816 1405 quoque
855 1328 890 1386 et
924 1323 1000 1406 pice
1038 1322 1171 1404 alioque
1207 1323 1379 1384 huius-ran.

161 1434 187 1471 ιο
206 1413 299 1475 modi
322 1433 400 1476 aves
423 1413 459 1474 in
484 1412 646 1475 Ianuario
669 1413 762 1475 fetus
786 1413 1029 1494 produxerant.

312 1501 378 1564 Sed
404 1502 556 1584 proximo
584 1500 741 1583 sequenti
772 1521 871 1576 ann0,
903 1501 1035 1564 scilicet
1066 1521 1155 1564 anno
1180 1501 1321 1563 Domini

205 1588 486 1667 MCLXXXVII,
516 1591 606 1654 circa
629 1590 796 1653 Marcium
827 1611 952 1672 magna
983 1589 1069 1653 aeris
1100 1589 1397 1661 inclementialrari.

206 1681 241 1741 et
271 1680 437 1761 asperitas
467 1679 593 1761 algoris
622 1679 762 1742 veniens
796 1679 869 1743 fere
899 1698 1006 1761 usque
1041 1679 1085 1740 ad
1117 1679 1195 1741 Kal.
1227 1679 1435 1740 luntianis

206 1768 353 1845 durarit,
378 1769 428 1832 ita
452 1769 543 1851 quod
566 1768 602 1830 in
626 1771 834 1851 pentecoste,
858 1767 1019 1830 videlicet
1035 1767 1071 1828 in
1088 1768 1199 1830 medio
1217 1767 1319 1841 Maio,
1330 1789 1386 1826 aasz
1396 1790 1427 1829 ιτ.

160 1879 186 1917 ιο
206 1856 264 1918 nix
295 1853 453 1939 *magnaa
481 1857 616 1933 cecidit,
642 1860 677 1920 et
699 1857 772 1920 fere
802 1858 917 1920 omnia
948 1877 1049 1938 poma
1079 1856 1319 1939 perieruncrr.
1331 1876 1361 1924 rr.
1373 1878 1427 1916 1401.

205 1945 334 2008 Eodem
370 1967 460 2009 anno
489 1946 682 2027 argentina
716 1946 751 2008 in
783 1966 897 2010 mense
930 1945 1086 2028 predicto
1121 1966 1161 2008 ex
1196 1965 1321 2028 magna

205 2037 303 2117 parte
327 2035 486 2098 incendio
510 2038 645 2099 vastata
669 2037 730 2098 est.

313 2124 394 2206 Ipso
424 2145 513 2187 anno
547 2124 639 2188 inter
674 2123 900 2207 apostolicum
935 2127 970 2186 et
1004 2123 1244 2205 imperatorem
1277 2123 1319 2185 de

206 2232 289 2295 pace
314 2213 497 2294 agebatur3
529 2214 589 2276 sed
613 2213 720 2276 nichil
744 2213 885 2295 profuit,
910 2213 990 2295 quia
1021 2213 1063 2275 de
1094 2210 1320 2275 excommuni-

161 2323 187 2361 20
206 2301 341 2364 catione
386 2301 602 2385 imperatoris
641 2305 676 2365 et
720 2303 811 2383 regis
850 2301 976 2383 agebat
988 2300 1009 2362 ⁵.
1071 2301 1165 2364 Deus
1204 2303 1320 2363 autem

206 2389 393 2470 malignum
418 2391 525 2474 ipsius
549 2391 729 2454 consilium
754 2391 943 2473 dissipavit.
982 2389 1072 2452 Nam
1094 2390 1210 2453 eodem
1230 2409 1478 2459 annonarias.

206 2481 361 2541 mortuus
384 2482 452 2557 est;
482 2479 538 2543 cui
562 2479 747 2561 Gregorius
777 2501 866 2563 papa
889 2479 991 2556 VIII,
1022 2479 1124 2542 homo
1152 2479 1262 2541 bonus
1286 2481 1472 2552 etmarias).

205 2567 395 2650 religiosus,
420 2568 593 2632 successit.

314 2657 442 2720 Eodem
466 2679 555 2721 anno
579 2679 638 2721 rex
655 2657 788 2721 Salatin
813 2658 855 2721 de
875 2658 1073 2740 Babylonia,
1098 2657 1156 2740 qui
1179 2657 1320 2739 impera·

162 2765 188 2805 25
205 2745 273 2808 tori
297 2746 390 2827 prius
413 2746 594 2809 familiaris
617 2746 732 2810 fuerat
755 2781 799 2788 -
822 2767 901 2810 nam
926 2747 991 2810 sibi
1014 2747 1160 2810 invicem
1188 2746 1320 2828 legatos

207 2838 242 2898 et
265 2856 407 2898 munera
431 2835 649 2900 direxerant6
672 2870 724 2913 -‚
750 2857 827 2899 cum
847 2837 998 2899 exercitu
1014 2840 1140 2900 terram
1159 2834 1320 2898 Christia-

207 2944 329 2986 norum
351 2924 496 2988 intravit
519 2928 554 2987 et
578 2945 655 2988 cum
680 2926 728 2988 eis
752 2925 844 2988 bello
860 2925 947 2988 Inito
965 2929 1126 2988 cruentus
1142 2925 1252 2987 victor
1268 2944 1319 2987 ex·

206 3011 312 3074 tititl.
351 3011 441 3075 Nam
464 3012 661 3096 plusquam
677 3014 780 3076 XXX
796 3014 891 3076 milia
907 3015 1085 3077 hominum
1101 3013 1213 3076 occisa
1228 3014 1318 3089 sunt,

207 3104 242 3164 et
264 3101 451 3165 Ierusalem
476 3103 519 3164 ad
545 3103 755 3167 deditionem
779 3103 923 3167 subacta
946 3106 981 3167 et
1004 3124 1073 3165 non
1097 3101 1206 3164 multo
1230 3104 1318 3184 post,
1329 3124 1384 3171 (aa.
1394 3125 1424 3174 s).

162 3190 365 3254 nomnibus
401 3190 531 3254 civibus
566 3192 639 3255 eius
675 3193 728 3257 rel
763 3192 872 3275 captis
902 3192 955 3256 vel
986 3191 1184 3255 interventu
1214 3189 1319 3273 precii

207 3279 354 3342 dimissis
379 3282 413 3343 et
437 3280 565 3358 eiectis,
590 3301 610 3344 a
626 3281 769 3363 paganis
785 3284 837 3345 est
853 3279 1058 3356 inhabitata,
1075 3279 1318 3343 venerandum·

103 3395 105 3398 ⁴
207 3388 272 3449 que
296 3367 430 3450 lignum
460 3371 577 3434 sancte
609 3371 718 3433 crucis
749 3374 898 3452 captum,
930 3372 965 3433 et
987 3369 1149 3432 Acharon
1179 3371 1214 3431 et
1244 3368 1317 3431 fere

207 3503 229 3555 a)
243 3515 323 3552 magna
337 3529 362 3536 —
376 3506 426 3555 peri
439 3507 462 3544 in
475 3507 520 3545 loco
535 3517 593 3546 raso.

208 3610 234 3680 1)
260 3611 334 3663 Haec
357 3614 435 3663 caria
458 3613 562 3664 demam
586 3629 672 3665 mense
696 3615 816 3679 Anpasto
840 3615 909 3664 anni
930 3616 1006 3670 1187.
1032 3613 1160 3666 celebrata
1186 3619 1230 3667 est.
1277 3613 1318 3678 Cf.

162 3698 188 3738 ³5
206 3700 228 3736 a.
248 3683 354 3734 Simeon
372 3684 445 3749 apnd
462 3702 484 3737 v.
505 3684 675 3749 Giesclrrecht,
693 3685 865 3736 ‘Kaisareia’
885 3685 931 3751 VI,
945 3702 975 3750 p.
989 3688 1048 3740 661.
1120 3685 1149 3751 2)
1167 3685 1319 3736 Conradarn

207 3755 395 3819 iliepnntinnm
424 3757 617 3807 contractionis
641 3759 802 3823 participem
832 3772 886 3808 non
919 3759 1001 3821 fnisse
1031 3756 1319 3822 Schcffer·Boiclsorst‚

207 3825 317 3877 ‘Kaisar
333 3825 529 3880 Friedrichsl.
556 3828 645 3878 ietzter
662 3827 744 3879 Streit
768 3829 816 3878 nsit
839 3829 887 3880 der
905 3828 1004 3879 Karie’
1021 3846 1049 3894 p.
1069 3831 1103 3882 99
1115 3845 1171 3896 sqq.
1188 3829 1320 3894 probarit.

207 3897 235 3962 3)
264 3896 305 3960 Cf.
330 3897 482 3963 Knippinp‚
507 3898 640 3964 ‘Repesten
664 3899 711 3949 der
735 3898 910 3962 Erzbisciitfe
933 3915 982 3950 von
1007 3899 1093 3951 Ko'tn'
1113 3901 1151 3961 II,
1178 3916 1221 3954 nr.
1241 3903 1319 3954 1303.

206 3968 235 4033 4)
252 3966 444 4034 Carscitmann,
458 3968 652 4035 ‘Hanpersnc'te
668 3971 705 4021 im
719 3970 883 4022 Mitteiaiter'
896 3987 924 4036 p.
940 3972 999 4024 154.
1019 3972 1069 4022 lias
1085 3977 1108 4022 et
1126 3973 1199 4024 alias
1211 3973 1320 4023 notitias

162 4054 189 4091 40
207 4054 341 4089 annornm
362 4041 430 4093 1184
441 4055 495 4106 sqq.
515 4041 551 4091 ad
568 4047 669 4106 tempas
687 4045 710 4092 et
727 4045 821 4105 sepcies
838 4047 982 4107 spectantes
999 4044 1122 4108 nepieait.
1211 4043 1239 4111 5)
1258 4043 1317 4096 Seii.

207 4111 374 4174 apostolicas.
402 4110 442 4163 W.
470 4141 505 4148 —
529 4110 582 4162 Hic
606 4115 698 4163 varios
720 4114 832 4163 actionis
851 4128 1013 4178 propressns
1037 4117 1067 4164 in
1091 4131 1174 4165 anam
1198 4113 1322 4165 contrahi

207 4186 230 4231 et
248 4196 303 4231 non
319 4188 386 4233 recte
406 4183 564 4247 permisceri
586 4199 608 4235 c.
628 4185 733 4234 Sinrson
751 4184 826 4250 apud
845 4199 868 4237 v.
889 4184 1062 4248 Gieseiralrt,
1082 4182 1254 4236 ‘Kaisareia'
1272 4183 1318 4249 VI,

203 4267 232 4316 p.
250 4253 310 4306 669.
329 4254 525 4306 animadvertit.
597 4253 626 4322 6)
645 4254 686 4304 De
704 4254 748 4304 his
760 4254 904 4319 prioribus
920 4255 1093 4320 Iapetionibns
1110 4258 1142 4319 cf.
1162 4255 1257 4305 ibidem
1274 4253 1319 4317 VI,

204 4339 233 4387 p.
255 4326 304 4377 186
316 4340 355 4388 sq.
429 4324 455 4390 7)
476 4324 550 4376 Wide
568 4326 612 4386 (de
625 4325 795 4390 Iasipnano)
812 4327 936 4377 sororias
948 4327 1079 4378 Baidaini
1089 4325 1140 4389 IV,
1159 4339 1209 4374 rea
1221 4323 1319 4375 Hiero-

162 4395 449 4459 insonaturum
470 4411 566 4462 pappa
587 4396 660 4464 upari
677 4394 776 4446 Hattin
794 4397 863 4446 inita
881 4396 923 4447 die
940 4399 965 4450 4.
984 4404 1008 4448 et
1026 4399 1050 4451 5.
1071 4396 1171 4446 Inlita
1190 4395 1320 4446 Satadino

207 4467 290 4516 victas
307 4473 353 4518 est.
