2970 4950
163 433 200 487 84
476 426 658 482 ANNALES
676 425 968 485 MARBAOENSES.

87 619 154 658 aas.
164 605 248 673 Silva,
267 607 385 660 alterum
403 604 490 658 sancti
508 603 644 674 Gregorii,
671 604 739 657 item
757 603 832 657 aliud
850 603 886 657 ad
903 603 1049 674 Duplicem
1066 604 1178 674 Aquam
1195 623 1285 676 prope

163 675 329 744 Danubium,
356 676 424 730 item
448 674 524 729 aliud
548 675 578 727 in
602 676 664 728 loco
689 675 735 742 qui
752 674 895 729 Kamberc
917 674 1027 743 dicitur,
1055 675 1146 729 aliud
1174 694 1285 746 quoque

163 749 359 802 monasterium
386 747 415 800 in
442 746 503 815 ripa
526 745 620 799 Rheni
642 740 837 814 Petcrahdsen3
866 762 947 813 quae
975 747 1086 800 omnia
1110 748 1284 818 regularibus

54 831 83 870 sa.
93 829 153 871 1085.
163 818 312 888 disciplinis
329 817 455 873 instituit.
492 815 532 870 In
550 816 600 869 his
625 815 732 886 igitur
750 817 958 885 erumpnosis
982 818 1191 887 temporibus
1209 819 1284 874 Deus

162 889 290 944 fidelibus
317 890 371 942 suia
398 887 525 941 auxiliari
551 904 607 940 non
625 886 739 940 cessavit
756 904 890 956 suumque
908 887 1041 942 iudicium
1059 906 1141 958 super
1158 890 1315 945 inimiccse

163 964 256 1015 sancte
274 959 404 1022 ecclesiae
422 957 587 1012 mirabiliter
604 957 732 1012 exercuit.
763 957 835 1012 Nam
853 961 940 1012 totam
959 977 1030 1028 pene
1048 959 1167 1028 Italiam,
1186 961 1216 1015 in
1229 978 1284 1030 qua

56 1041 86 1090 γ,
97 1042 153 1082 134‘.
162 1031 335 1156 potissimum
353 1028 596 1084 excommuni*cati
614 1028 776 1096 sacrante,
794 1033 852 1082 tam
874 1047 976 1099 magna
1001 1031 1088 1085 fames
1106 1032 1234 1098 obtinuit,
1252 1035 1284 1086 ut

183 1102 289 1157 omines
307 1118 363 1155 non
380 1104 488 1154 tantum
506 1098 638 1153 inmunda
656 1116 771 1168 queque,
799 1100 847 1153 sed
866 1104 894 1154 et
911 1101 1059 1155 humanam
1077 1119 1188 1157 carnem
1206 1119 1283 1158 man·

162 1173 304 1227 ducerent.
336 1170 424 1240 Quam
443 1171 545 1224 famem
562 1173 621 1223 tam
639 1170 762 1224 inaudita
780 1171 933 1225 mortalitas
951 1173 1097 1227 subsecuta
1115 1177 1164 1241 est,
1183 1178 1215 1228 ut
1232 1191 1284 1228 nec

162 1244 249 1298 tercia
267 1259 330 1312 pars
347 1242 491 1295 hominum
509 1244 671 1308 remaneret,
700 1241 749 1296 sed
776 1241 919 1297 deficiente
947 1243 1044 1298 colono
1071 1245 1194 1298 maxima
1220 1261 1284 1314 pars
1303 1259 1328 1298 10

162 1319 236 1368 terre
254 1314 283 1366 in
302 1312 476 1366 solitudinem
493 1311 606 1366 redacta
633 1316 681 1368 est.
717 1311 809 1366 Padus
836 1330 945 1381 quoque
971 1314 1071 1369 fluvius
1088 1315 1284 1386 Langobardie

162 1386 236 1454 ripas
254 1400 316 1436 suas
334 1382 468 1436 excedens
486 1383 574 1436 multa
591 1384 710 1451 castella,
722 1383 809 1450 villas,
828 1384 912 1438 immo
931 1384 1004 1439 circa
1020 1385 1140 1443 iacentes
1158 1387 1284 1456 regiones

164 1455 274 1525 penitus
293 1453 439 1507 submersit
457 1458 485 1508 et
503 1453 695 1507 inhabitabiles
713 1453 841 1509 reddidit.
871 1453 937 1524 Ipsa
949 1455 1033 1510 etiam
1046 1457 1137 1526 capita
1149 1458 1281 1511 scismati·

163 1543 259 1580 corum
278 1533 311 1579 eo
329 1528 454 1594 tempore
472 1526 501 1577 in
519 1524 611 1578 locum
624 1541 703 1578 suum
716 1523 841 1579 abiereb:
854 1525 1055 1580 Theobaldus⁰
1070 1527 1284 1582 Mediolanensis

163 1614 219 1651 non
238 1595 466 1665 archiepiscopus,
485 1595 533 1649 sed
549 1595 730 1662 antichristus,
744 1600 771 1650 et
790 1595 837 1649 alii
854 1597 951 1650 multi
970 1598 1100 1667 episcopi,
1112 1599 1284 1653 marchiones
1303 1613 1327 1650 m

164 1672 192 1722 et
210 1667 360 1732 comites,
379 1684 495 1734 quorum
514 1666 634 1720 factione
652 1670 711 1720 tota
728 1683 799 1735 pene
810 1665 893 1721 Italia
911 1671 1006 1722 contra
1022 1668 1165 1723 dominum
1182 1686 1284 1739 papam

54 1749 153 1790 s't.1089.
164 1743 192 1794 et
210 1742 336 1792 sanctum
353 1737 468 1791 Petrum
487 1754 516 1790 se
535 1737 630 1792 erexit.
666 1736 717 1791 Hii
741 1754 850 1806 quoque
867 1737 1033 1793 Methildam
1051 1740 1188 1794 viduaml
1206 1741 1283 1795 ducis

55 1821 85 1863 sa.
93 1820 153 1860 1⁰⁸5.
164 1809 318 1877 Godefridi,
336 1808 424 1862 filiam
443 1807 580 1862 Bonifacii
598 1807 770 1875 marchionis,
791 1809 983 1880 apostolice
1009 1810 1079 1865 sedi
1097 1811 1283 1865 fidelissimam

163 1881 257 1934 multis
269 1879 375 1933 iniuriis
388 1877 556 1933 affecerantd
573 1878 602 1932 in
615 1878 718 1934 Ytalia.
748 1878 808 1932 Illis
826 1883 918 1934 autem
936 1880 1030 1935 divina
1048 1881 1283 1936 animadversione

163 1952 198 2006 de
216 1951 307 2006 medio
326 1950 448 2018 sublatis,
461 1952 520 2020 ipsa
538 1967 615 2003 suam
633 1953 798 2018 potestatem
815 1951 989 2019 recuperavit
1000 1957 1029 2006 et
1041 1957 1134 2008 sancte
1153 1953 1284 2026 ecclesiae
1301 1967 1328 2006 ec

163 2026 193 2076 in
211 2024 337 2076 omnibus
355 2021 555 2075 amminiculari
574 2038 629 2074 non
647 2021 770 2076 cessavit.
808 2020 864 2075 Sed
885 2022 940 2076 iam
958 2023 1032 2077 Deus
1050 2024 1186 2078 famulum
1204 2041 1284 2078 suum

164 2094 330 2163 Gregorium
356 2109 458 2160 papam
485 2092 580 2146 nolens
608 2091 709 2145 diutius
736 2093 861 2146 laborare
888 2092 923 2147 de
950 2093 1029 2148 huius
1056 2095 1113 2149 vite
1146 2095 1283 2164 ergastulo

164 2182 227 2219 eum
251 2163 367 2220 vocavit.
403 2163 501 2217 Noluit
526 2179 603 2229 sanc,
629 2168 660 2218 ut
688 2162 884 2236 ecclesiasticus
909 2164 976 2218 ordo
1001 2165 1127 2219 manibus
1150 2165 1284 2220 laicorum

162 2235 324 2304 subiaceret,
343 2234 392 2288 sed
409 2233 512 2289 eisdem
528 2251 636 2287 morum
649 2234 794 2288 sanctitate
806 2237 834 2287 et
846 2233 949 2288 ordinis
961 2235 988 2289 di
1010 2236 1097 2291 nitate
1108 2237 1283 2306 premineret.

162 2306 313 2374 Postquam
332 2308 424 2359 autem
443 2306 472 2358 in
490 2304 689 2375 gubernatione
707 2304 778 2358 sedis
797 2305 947 2373 apostolice
964 2305 992 2360 X
1043 2307 1129 2361 annis
1151 2311 1180 2362 et
1197 2326 1284 2362 unum
1301 2319 1328 2359 sa

163 2393 283 2430 mensem
311 2377 337 2429 le
358 2377 447 2428 itime
475 2376 633 2441 decertavit,
663 2375 775 2429 tandem
794 2393 829 2429 ex
846 2375 899 2429 hac
916 2377 978 2430 luce
997 2394 1068 2431 anno
1087 2377 1225 2432 dominice
1243 2379 1284 2432 in·

163 2445 327 2500 carnationis
338 2394 519 2502 {dLXXXW
532 2447 686 2500 subtractus
704 2463 819 2515 superne
837 2447 987 2501 vocationis
1004 2448 1131 2502 bravium
1147 2449 1284 2518 accepisse

163 2534 219 2571 non
246 2517 397 2583 dubitatur,
425 2517 546 2584 sepultus
564 2515 671 2569 Salerni
698 2517 727 2569 in
745 2517 859 2590 ecclesia
876 2518 964 2571 sancti
982 2517 1097 2588 Mathai,
1124 2537 1207 2588 quam
1225 2521 1284 2589 ipse

164 2588 261 2641 eodem
280 2604 352 2641 anno
371 2585 516 2642 dedicavit.
553 2586 709 2641 Gwibertus
736 2587 908 2642 heresiarcha
933 2588 967 2643 de
993 2589 1070 2643 obitu
1088 2589 1146 2644 eius
1164 2592 1283 2645 multum

163 2658 309 2724 letabatur,
337 2657 403 2710 licet
429 2674 526 2725 parum
554 2657 741 2726 prosperitatis
768 2658 798 2712 in
824 2675 857 2713 eo
884 2661 1045 2717 lucraretur.
1088 2660 1161 2714 Nam
1188 2678 1283 2716 omnes
1302 2674 1328 2713 ac

165 2728 292 2782 catholici
319 2731 382 2796 post
409 2731 526 2780 mortem
554 2728 695 2795 apostolici
722 2744 778 2782 non
805 2730 895 2783 minus
914 2748 997 2799 quam
1016 2735 1079 2785 ante
1097 2731 1187 2787 eidem
1205 2732 1284 2787 here·

164 2799 269 2922 sispche
295 2797 493 2867 relatitelrunt⁰
522 2799 666 2868 ipsumque
693 2798 728 2853 de
755 2799 846 2854 Roma
870 2800 1031 2856 Ravennam
1057 2802 1181 2857 redire
1210 2820 1283 2858 com-

163 2874 302 2939 puerunt.

56 2969 153 3012 talasa
271 2957 455 3032 Sequpntif
477 2975 561 3012 anno
579 2953 718 3013 Rdbertus
739 2958 797 3012 dux
814 2959 1107 3032 N[crtmann]or[um]0
1130 2965 1194 3031 post
1214 2963 1284 3016 mul-

31 3029 32 3032 ’
164 3033 256 3085 tarum
273 3033 409 3084 terrarum
428 3028 606 3098 invasionem,
633 3034 695 3098 post
713 3030 863 3084 multorum
882 3049 1034 3101 pauperum
1053 3036 1081 3087 et
1099 3032 1215 3089 divitum
1234 3034 1283 3088 ob·
1302 3047 1328 3087 aa

163 3100 341 3171 pressionem,
360 3100 436 3155 cuius
460 3100 603 3182 ava[ritie0
626 3117 677 3155 nec
696 3099 831 3170 Oa]labria
848 3119 899 3156 nec
918 3101 1018 3171 Sycilia
1036 3103 1152 3172 suffecit,
1171 3105 1285 3173 quinat

164 3173 345 3226 transmarina
362 3188 448 3240 regna
466 3172 518 3225 sibi
536 3171 683 3241 subiugare
701 3176 797 3226 contra
815 3172 856 3226 fas
876 3173 933 3244 [ete
953 3173 995 3226 ius
1017 3174 1192 3244 anhelaverit,
1210 3175 1284 3230 viem

19 3237 298 3331 ‘'ml“{Muniherse
316 3243 426 3296 carnis
444 3242 568 3311 arripuit.
604 3237 744 3296 Rdbertus
762 3242 813 3296 iste
831 3260 866 3297 ex
886 3243 1020 3298 mediocri
1043 3246 1128 3314 stirpe
1152 3246 1182 3300 in
1200 3244 1285 3300 Nort-

75 3319 83 3341 ’
108 3322 113 3333 '
165 3314 305 3385 [manniae
334 3331 368 3368 ex
393 3313 497 3382 eorum]
523 3313 643 3366 militum
669 3313 764 3366 ordine
789 3330 856 3380 quos
881 3324 1057 3369 vavassoresss
1083 3317 1167 3386 vulgo
1193 3316 1287 3371 dicere

164 3385 254 3440 solent
266 3386 295 3438 in
305 3385 388 3454 plaga
400 3402 482 3452 quam
493 3383 681 3438 Constantiam
693 3382 851 3454 indig[ene⁰
865 3383 961 3438 dicunt
973 3386 1080 3456 editus],
1089 3404 1152 3441 cum
1162 3386 1284 3458 Rogerio
1302 3401 1330 3440 sc

164 3455 251 3510 fratre
268 3459 326 3510 tam
344 3453 437 3524 patrih
460 3455 540 3508 famis
564 3457 689 3523 tempore
707 3470 822 3523 morem,
850 3460 881 3508 ut
899 3456 983 3525 aiunt,
1012 3474 1119 3527 gerens,
1146 3475 1230 3527 quam
1248 3459 1284 3513 ob

166 3527 318 3595 [locorume
336 3526 493 3594 sterilitatis]
513 3524 667 3578 molestiam
680 3541 696 3578 a
707 3524 793 3578 natali
804 3526 863 3580 solo
878 3543 1047 3596 progressus,
1058 3529 1147 3582 multo
1159 3533 1285 3599 tempore

164 3599 265 3651 multas
283 3614 334 3666 per
344 3596 498 3666 provincias
514 3595 750 3664 oportulnicreme
767 3595 812 3666 ad]
831 3595 1041 3652 inhabitandum
1052 3602 1155 3653 terram
1167 3615 1285 3672 querens

165 3668 318 3737 oberravit;
343 3665 463 3720 undeet
482 3667 516 3720 ab
537 3665 684 3720 oberrandi
703 3666 819 3720 circuitu
836 3667 925 3736 patria
943 3668 1069 3739 lin[gua0
1087 3669 1282 3739 Wiscardusll

164 3741 297 3807 tanquam
315 3738 459 3791 oberrator
476 3737 521 3790 vel
540 3736 645 3806 girator
663 3737 815 3805 appellatus
834 3741 883 3793 est.
919 3737 989 3792 Cum
1012 3756 1077 3810 ergo
1100 3756 1156 3794 non
1181 3740 1284 3809 paucis,
1302 3754 1329 3794 st

164 3813 196 3862 ut
213 3810 319 3864 dictum
337 3812 387 3875 est,
405 3807 501 3860 diebus
527 3807 705 3875 [multarum0
728 3807 881 3878 regionum]
906 3809 1010 3878 giratur
1028 3811 1165 3878 existeret,
1184 3828 1200 3865 a
1219 3811 1285 3865 cite·

165 4040 186 4088 a)
209 4038 313 4077 furebant
331 4037 396 4078 Bm.
463 4036 486 4084 b)
507 4033 596 4076 rediere
610 4038 647 4077 vel
666 4038 742 4078 abiere
758 4049 789 4085 c.,·
810 4039 914 4078 librarius
930 4039 1029 4089 primum
1046 4037 1136 4081 rediere
1153 4040 1271 4092 empserat
1276 4055 1286 4090 ,⁴

165 4093 240 4142 lapsus
255 4091 352 4130 conam
365 4091 403 4129 vel
417 4089 492 4129 abiere
501 4100 608 4138 musar.
657 4089 831 4142 c)'1'heodaldus
840 4092 905 4132 Rern.
954 4092 976 4143 d)
986 4093 1094 4134 affecerat
1104 4105 1123 4136 e.
1170 4095 1285 4147 Μίκκα

165 4148 185 4183 et
199 4154 260 4183 voces
273 4144 352 4182 delusa
365 4154 393 4182 err
405 4142 502 4190 sontibus
514 4144 586 4192 simpl,
646 4144 708 4196 nita
721 4156 739 4183 c.
800 4145 821 4195 g)
836 4145 951 4185 invasores
966 4156 983 4187 e.
1039 4146 1063 4198 h)
1077 4146 1131 4196 pbfi
1145 4158 1163 4189 a.
1223 4149 1240 4196 ί)
1253 4150 1286 4188 tte

170 4198 281 4245 Wmans,
297 4197 326 4244 as.
341 4207 409 4245 supra
418 4206 444 4245 p.
455 4195 488 4245 8³,
501 4197 516 4236 l.
527 4197 551 4246 ὃς
567 4194 712 4237 Gwiscardns
725 4201 777 4236 nota
790 4198 920 4247 marqlnala‘a
933 4208 988 4241 saec.
1000 4199 1055 4247 ΚΕ·
1069 4197 1207 4241 Guiscardus
1217 4202 1283 4242 Rern.
1303 4201 1330 4241 bo

166 4391 194 4461 1)
212 4389 324 4443 viduam
345 4420 374 4430 -
395 4389 560 4450 marchionis
578 4390 613 4454 cf.
632 4389 795 4444 Bernoldum
813 4392 850 4443 ad
867 4393 985 4448 a.1089.
