2970 4950
514 465 696 523 annuns
714 463 1005 521 MARBAOENSES.
1286 467 1321 521 77

203 651 407 729 contrarius,
424 654 592 734 quantum
611 651 737 734 potuit,
757 651 899 733 propter
921 649 1103 732 antiquum
1126 647 1244 712 odium
1268 647 1470 711 soimanni.

203 739 335 824 patris1
358 743 394 804 et
410 738 575 804 Ottonem
600 739 721 804 dilexit
742 743 777 803 et
799 738 875 821 ipsi,
893 741 1061 820 quantum
1078 739 1225 820 poterat,
1246 756 1321 801 con·

204 828 281 893 silio
305 832 341 893 et
364 828 492 893 auxilio
516 827 666 893 fideliter
693 827 816 892 astitit.
867 826 972 890 Erata
1000 826 1091 890 enim
1121 824 1204 888 talis
1234 845 1322 889 com·
1332 833 1410 886 1207.

203 917 339 1002 positio,
367 921 408 981 ut
432 916 516 982 Otto
540 918 684 982 duceret
707 915 814 979 filiam
838 915 911 980 eius
938 935 1000 998 per
1030 913 1322 998 dispensationem

171 1009 240 1071 set
267 1005 336 1069 alia
365 1006 532 1088 quaedam
560 1005 712 1088 insignia
741 1005 885 1069 haberet
916 1023 976 1087 per
1003 1002 1155 1087 regalem
1185 1003 1322 1085 permis·

204 1095 334 1160 sionem
344 1095 365 1154 ².
408 1093 566 1159 Habuit3
589 1094 680 1158 enim
701 1093 893 1177 Phylippus
917 1091 1024 1155 filiam
1048 1092 1138 1175 regis
1158 1089 1323 1154 Constan-

203 1183 427 1266 tinopolitani
450 1184 487 1246 in
511 1183 681 1265 coniugio,
706 1202 808 1264 quam
832 1180 925 1244 filius
943 1180 1113 1245 Tancradi
1135 1180 1172 1244 in
1196 1179 1323 1263 Sycilia

205 1272 329 1337 ducere
353 1271 511 1348 debebat,
535 1272 596 1336 sed
619 1274 804 1354 preventus
820 1270 1005 1333 immatura
1022 1273 1141 1346 morte,
1157 1289 1228 1333 una
1244 1289 1322 1332 cum

203 1363 302 1444 patre
325 1360 362 1423 in
385 1360 519 1444 palacio
538 1359 784 1424 Panormitano
807 1359 990 1435 remansit;
1014 1378 1117 1441 quam
1137 1357 1323 1423 Heinricus

159 1475 186 1514 ιο
203 1451 391 1532 imperator
424 1449 555 1514 ibidem
584 1449 763 1514 inveniens
793 1450 913 1532 postea
942 1447 1045 1510 fratri
1074 1467 1136 1511 suo
1166 1446 1322 1510 tradidit.

205 1536 273 1616 Qui
303 1539 445 1620 postea*
479 1558 554 1603 eam
590 1558 667 1602 cum
703 1556 829 1619 magno
859 1539 1033 1600 conventu
1062 1535 1257 1620 principum
1286 1535 1323 1597 in

205 1626 331 1690 Suevia
354 1625 591 1711 sollempniter
612 1625 711 1690 duxit
735 1629 770 1690 et
793 1645 835 1690 ex
850 1644 891 1689 ea
906 1624 987 1687 IIII
1003 1624 1093 1688 filias
1108 1624 1293 1708 progenuit
1300 1622 1322 1701 ⁵,

203 1712 1412 1888 iii0ltilisiuiitiilsidiiligiti‘ssiliiiliiqiipiiiiiii·

159 1916 187 1957 a
205 1891 431 1969 Brabantie⁹;
462 1912 550 1975 quae
574 1896 769 1975 genuerunt
792 1891 881 1955 filios
905 1894 941 1954 et
964 1890 1062 1967 filias,
1091 1891 1181 1954 sicut
1204 1894 1324 1973 postea

206 1980 328 2046 melius
344 1980 578 2046 declarabitur
586 1980 622 2057 ¹⁰,
647 1984 790 2064 excepta
806 1972 965 2046 Ottonisb
985 1980 1141 2062 coniuge,
1162 1998 1248 2061 qnae
1264 1979 1323 2042 im·

205 2073 342 2133 matura
370 2072 491 2148 morte,
522 2091 566 2134 nc
595 2070 729 2135 videret
759 2069 929 2134 miseriam
964 2068 1094 2144 mundi,
1131 2066 1322 2133 decessitss.
1334 2076 1413 2131 1212.

204 2158 341 2222 Primo⁰
357 2178 438 2223 vero
454 2159 660 2242 desponsata
675 2152 812 2223 fuerat‘¹
828 2157 983 2241 palatino
1002 2157 1045 2222 de
1055 2155 1322 2221 Wiiilisbach12.

206 2246 273 2312 Sed
307 2247 381 2330 ipse
414 2245 568 2312 lubricus
591 2247 740 2313 existens
763 2254 799 2312 et
822 2246 996 2310 homicida
1018 2244 1206 2309 multorum
1229 2245 1323 2309 nobi·

160 2360 188 2400 ao
206 2335 292 2399 lium
323 2356 384 2419 per
407 2335 654 2422 querimoniam
683 2339 787 2418 atque
817 2335 983 2398 iudicium
1006 2334 1077 2398 fuit
1099 2334 1321 2419 proscriptus,

206 2427 242 2488 et
276 2423 324 2488 sic
359 2423 463 2508 longo
497 2427 653 2509 tempore
682 2425 872 2507 perdurans
902 2423 1158 2508 aprincipibus
1181 2424 1323 2487 tandem

205 2513 426 2588 diiudicatur,
457 2515 498 2577 ut
521 2512 628 2576 filiam
651 2533 749 2577 suam
772 2516 851 2578 rex⁰
875 2512 1017 2577 deberet
1038 2512 1214 2588 rehabere,
1242 2511 1325 2594 quia

207 2601 371 2685 indignus
395 2602 570 2666 videretur
594 2621 732 2667 consors
754 2601 848 2685 regie
871 2600 1086 2667 excellentie.
1133 2599 1234 2679 Quod
1263 2599 1324 2664 ille

205 2689 319 2755 ferens
334 2689 477 2773 indigne
493 2690 586 2774 cepit
600 2688 736 2756 occulte
750 2692 902 2755 tractare
918 2690 961 2754 de
974 2689 1082 2773 ipsius
1098 2690 1268 2756 occisione
1276 2683 1323 2748 1³]

161 2823 189 2864 25
206 2827 228 2878 a)
242 2827 350 2876 sequentia
363 2831 483 2866 atramento
493 2827 562 2874 paulo
576 2827 660 2867 eiieerm
674 2826 758 2876 scripta
770 2831 828 2868 nint.
896 2828 919 2879 b)
938 2831 971 2866 ott
986 2839 1043 2868 corr.
1058 2839 1086 2866 ea
1100 2834 1136 2868 oct
1150 2838 1168 2868 c.
1236 2829 1256 2876 c)
1274 2827 1324 2866 oin

207 2881 251 2919 ioco
266 2891 324 2920 raso.
379 2877 403 2931 d)
417 2884 442 2920 st
455 2881 478 2919 in
493 2880 538 2919 ioco
552 2891 602 2919 raso
616 2881 721 2929 seriptum
735 2881 825 2922 videtur.
882 2881 903 2933 e)
917 2882 991 2920 eadem
1004 2893 1071 2920 manu
1083 2893 1190 2930 superser.

207 2986 233 3052 1)
257 2985 319 3040 Seii.
338 2986 516 3040 Friderieil.
606 2984 633 3055 2)
661 2987 703 3050 Of.
729 2985 970 3039 Boimer-Fake·
993 3004 1037 3042 nr.
1056 2989 1134 3042 6044.
1173 2987 1250 3039 Talis
1270 3001 1326 3039 non

205 3063 265 3110 erat
276 3058 436 3123 compositio,
448 3057 494 3108 sed
506 3057 627 3122 conditio,
640 3073 721 3123 qaam
733 3059 816 3123 iepati
829 3057 920 3111 Omani
930 3060 990 3124 rapi
999 3060 1109 3123 frustra
1117 3062 1325 3124 proponerent,

206 3133 236 3179 at
260 3129 297 3179 ad
321 3143 445 3180 emonam
472 3129 651 3195 deponendam
678 3144 737 3179 eam
763 3130 935 3192 inducerent;
956 3145 1024 3196 paee
1050 3144 1104 3180 non
1131 3130 1202 3180 inita
1228 3136 1325 3192 triopa

162 3214 189 3254 ³0
207 3200 288 3250 anias
308 3201 365 3263 fere
390 3201 457 3250 anni
480 3201 555 3262 faeta
580 3203 625 3253 est.
667 3199 708 3264 Cf.
728 3199 825 3254 Cicron.
843 3199 970 3267 Ursperp.
988 3199 1048 3266 (SS.
1067 3198 1180 3265 XXIII,
1204 3216 1232 3266 p.
1251 3199 1323 3264 370).

206 3271 234 3335 3)
261 3270 333 3333 Quae
356 3274 505 3336 sequantur
529 3270 670 3322 annalista
693 3271 730 3321 ad
755 3287 858 3322 annum
882 3272 959 3326 1194.
978 3273 1034 3322 iarn
1058 3276 1230 3334 narraverat,
1255 3269 1326 3320 ande

206 3346 295 3392 noster
313 3341 434 3392 tramissa
451 3342 569 3402 ridetur,¹
586 3343 620 3406 ιτ.
639 3356 725 3408 supra
738 3357 768 3407 p.
782 3343 826 3396 64.
880 3342 907 3403 4)
928 3341 1046 3408 Nuptiae
1062 3355 1134 3391 anno
1147 3342 1224 3394 1197.
1239 3354 1325 3391 manse

206 3410 285 3463 Maio
301 3413 441 3477 Aapustae
458 3413 602 3464 miabrmae
618 3419 688 3465 sant.
765 3412 792 3477 5)
809 3412 965 3477 Beatrieem‚
984 3411 1175 3478 Conipaadem,
1193 3411 1325 3476 Mariam,

206 3483 303 3534 iterum
314 3483 470 3536 Beatricem.
492 3483 533 3538 W.
599 3484 627 3550 6)
643 3483 760 3534 Beatria
775 3498 861 3535 mense
872 3482 1015 3534 Novembri
1031 3498 1059 3534 a.
1071 3485 1150 3536 1208.
1167 3482 1325 3549 desponsata

162 3567 189 3608 so
206 3554 310 3606 mum
334 3568 421 3605 nunse
444 3554 516 3605 Iaiio
542 3556 610 3605 anni
636 3554 712 3608 1212.
738 3553 826 3605 Ottord
849 3555 949 3619 nupsit.
1040 3553 1067 3620 7)
1093 3553 1192 3604 Iunior
1209 3553 1328 3605 Beatria

207 3640 233 3678 a.
247 3625 324 3679 1220.
343 3639 430 3676 mense
447 3624 582 3676 Ianuario
595 3625 741 3675 Ferrando
752 3624 792 3676 II.
811 3626 870 3689 repi
883 3625 1010 3676 Castaliae
1027 3626 1126 3691 nupsit.
1198 3625 1226 3690 8)
1247 3623 1328 3674 Wen·

206 3696 307 3747 ecsiasrs
331 3695 405 3760 filias
425 3693 543 3746 Oiaiari
558 3697 632 3761 repis
652 3711 725 3747 anno
744 3697 821 3750 1216.
841 3697 871 3747 in
888 3711 974 3761 repern
993 3695 1116 3748 Bormiae
1132 3696 1225 3746 electen
1245 3694 1327 3759 patri

208 3765 329 3818 Otairaro
355 3782 380 3820 a.
404 3767 481 3821 1230.
509 3768 646 3826 surremit·
674 3766 843 3832 Oanipnndis
869 3781 940 3818 anno
965 3768 1043 3821 1207.
1071 3766 1232 3832 desponsata
1258 3770 1325 3819 erat.

207 3838 235 3901 9)
258 3837 353 3888 Maria
371 3852 456 3889 mense
474 3837 624 3890 Februario
649 3839 719 3888 anni
736 3840 814 3892 1207.
832 3836 959 3889 Heinrioo
984 3838 1041 3902 fiiio
1065 3838 1140 3888 dacis
1158 3837 1329 3888 Brodentiae

160 3922 189 3961 40
207 3907 381 3974 desponsata,
413 3923 484 3959 anno
515 3910 592 3963 1215.
623 3910 648 3958 ei
676 3909 793 3973 nubens,
823 3913 911 3960 tamen
940 3924 1005 3961 vera
1035 3924 1133 3976 sponsa
1162 3915 1236 3971 erat,
1266 3922 1326 3959 cani

207 3979 410 4030 matrimonium
434 3979 552 4031 normam
577 3986 760 4045 omnamptam
784 3984 849 4030 esset
872 3981 919 4044 (of.
938 3980 1177 4032 Bidana-Fiam
1200 3995 1244 4032 nr.
1265 3979 1325 4032 141.

207 4051 281 4107 825).
331 4048 479 4100 Heinricas
503 4056 566 4115 post
595 4055 704 4101 mortem
733 4052 824 4117 patris
857 4065 929 4102 anno
960 4053 1037 4105 1236.
1072 4052 1130 4102 dna
1161 4049 1327 4102 Brodentiae

207 4120 297 4183 fedas
321 4125 366 4174 est.
457 4121 502 4187 10)
530 4121 570 4172 De
588 4121 678 4171 iiberis
696 4137 730 4171 ea
748 4121 802 4173 iliis
821 4124 1002 4173 matrimoniis
1022 4123 1173 4188 procreatis
1191 4135 1325 4186 nosquam

204 4197 296 4258 postea
321 4193 421 4256 aptior.
512 4192 558 4256 11)
585 4192 635 4242 Die
659 4193 700 4245 11.
719 4192 840 4257 Anpasti
864 4207 889 4246 a.
910 4194 987 4247 1212.
1006 4194 1079 4251 obiit,
1170 4193 1214 4259 12)
1237 4191 1330 4242 Aliter

160 4275 189 4316 45
213 4261 403 4314 Winieeimann
417 4262 546 4330 ‘Phiiipp’
555 4279 584 4328 p.
599 4264 650 4317 539
663 4277 716 4327 sq.;
734 4262 802 4314 ‘Otto
814 4262 834 4312 Ι
838 4262 877 4317 V!
889 4278 919 4328 p.
931 4265 992 4318 536.
1009 4265 1145 4330 indicarit,
1163 4277 1221 4314 cam
1236 4262 1325 4312 ionio-

207 4347 263 4383 rem
283 4334 428 4385 Beatrieem
447 4349 573 4400 sponsam
593 4333 695 4385 Ottoais
707 4332 830 4399 poietini
846 4334 932 4397 fnisse
948 4335 1106 4390 declararet.
1189 4333 1233 4400 13)
1252 4331 1326 4382 Haeo

208 4404 298 4454 omnia
322 4404 428 4467 famam
453 4406 482 4455 in
500 4405 590 4456 meires
608 4404 733 4456 eataiisse
750 4403 949 4470 Winiaeimann,
970 4405 1088 4474 ‘Piriiipp
1106 4420 1156 4457 aon
1174 4400 1328 4455 Senoabm'

205 4491 234 4542 p.
251 4475 311 4529 538.
331 4475 391 4526 bene
408 4477 537 4542 esposuit.
