2970 4950
255 1156 564 1257 ANNALES
595 1156 902 1256 ALSATICI
936 1156 1325 1255 BREVIORES.

775 1367 804 1430 1.

280 1524 552 1611 ANNALES
583 1523 1306 1612 MAURIMONASTERIENSES.

346 1687 525 1770 ‘Oripinem
555 1687 689 1752 trabunt
716 1686 825 1769 eripui
855 1686 891 1751 bi
923 1689 1058 1754 annales
1091 1710 1113 1752 a
1143 1687 1354 1753 vetustissimo

232 1776 381 1844 Alsatiae
399 1775 552 1858 coenobio,
576 1797 670 1858 eoque
683 1775 889 1841 Benedictini
911 1777 1037 1842 ordinis
1054 1783 1197 1859 compote,
1219 1777 1353 1842 Mauri·
1371 1799 1385 1840 3

232 1865 423 1932 monasterio
439 1886 540 1948 prope
558 1865 725 1930 Tabernas
739 1864 904 1930 Alsaticas
925 1864 995 1930 sito.
1038 1865 1101 1948 Qui
1118 1864 1244 1947 quidem
1263 1872 1353 1930 ortus

232 1957 357 2022 abunde
368 1955 603 2020 demonstratur
613 1975 682 2020 cum
694 1955 842 2018 abbatum
853 1953 1044 2036 nominibus,
1060 1975 1192 2036 anorum
1206 1976 1237 2018 a.
1253 1960 1351 2019 1253.

232 2050 451 2110 et1288.est
477 2043 594 2108 mentio
615 2043 714 2123 sacta,
744 2047 811 2106 tum
840 2064 875 2108 eo
903 2042 960 2124 ani
988 2042 1025 2108 in
1053 2043 1156 2108 codice
1177 2043 1352 2108 annalibus

227 2132 427 2216 praemissus
448 2138 494 2197 cst
515 2132 623 2197 titulo:
644 2133 942 2197 Maurismunstre.
980 2132 1124 2196 Ecarati
1145 2132 1229 2197 enim
1251 2154 1353 2198 manu

233 2221 352 2288 saeculi
376 2221 478 2286 XVI.
502 2221 649 2303 lepuutur
677 2219 714 2285 in
743 2241 808 2285 uno
833 2219 880 2302 [et
902 2218 1032 2303 eoipno]
1054 2220 1158 2286 codice
1186 2221 1353 2287 chartaceo
1372 2245 1399 2284 ιο

234 2310 434 2376 bibliothecas
463 2330 628 2375 caesareae
659 2308 990 2374 Vindobonensis
1018 2316 1104 2374 9099
1136 2306 1247 2387 (antea
1277 2309 1352 2375 bist.

227 2399 317 2481 pros.
342 2400 434 2481 229),
464 2419 503 2463 eu
529 2419 589 2479 quo
618 2418 670 2463 eos
700 2403 729 2462 et
749 2397 945 2463 Boebmerus
973 2398 1072 2464 edidit
1100 2398 1137 2464 in
1159 2399 1255 2463 Font.
1287 2419 1352 2464 rer.

239 2487 345 2552 Germ.
370 2487 450 2567 ΙΙΙ,
475 2492 665 2568 p.8-10‚
695 2492 725 2551 et
752 2486 1025 2569 Waltenbacbins,
1055 2493 1092 2551 nt
1112 2487 1155 2552 iis
1182 2493 1351 2569 nterenmr,

234 2574 479 2656 transscripsit'.

341 2663 507 2728 Hactenus
536 2663 598 2728 Pb.
628 2663 735 2744 Jaffe,
766 2662 821 2744 qni
855 2686 886 2729 a.
917 2670 1012 2728 1857.
1044 2666 1191 2730 Annales
1222 2665 1399 2730 Mauri-1⁶

234 2751 497 2816 monasterienses
517 2751 555 2816 in
575 2751 773 2833 Scriptorum
795 2758 876 2816 tomo
893 2752 1017 2834 XVII,
1036 2776 1071 2835 p.
1093 2760 1151 2818 181
1165 2775 1210 2835 sq.
1234 2754 1353 2819 Monu-

234 2846 409 2905 mentorum
436 2839 631 2906 Germaniae
652 2841 760 2906 edidit.

341 2929 398 2994 Ad
426 2929 510 2994 banc
539 2950 653 2995 nocam
683 2929 850 2995 editionem
874 2933 1061 3012 parandam
1090 2938 1206 2996 testum
1235 2930 1354 2997 mains

235 3017 376 3084 benevole
404 3017 485 3082 mibi
511 3017 694 3083 transmissi
715 3018 830 3083 iterum
852 3020 978 3100 contuli,
1009 3027 1101 3085 notas
1123 3019 1291 3085 bistoricas
1313 3042 1354 3084 ea

234 3106 357 3190 intepro
377 3106 537 3172 renovavi.
576 3107 648 3172 Hoc
670 3107 845 3173 marimum
867 3115 945 3189 erat,
969 3114 1086 3173 tectum
1107 3108 1151 3172 iis
1173 3108 1354 3173 rationibus
1373 3133 1401 3172 20

236 3197 478 3277 asomumodare,
502 3195 614 3277 quibrss
638 3195 675 3260 11
698 3196 920 3262 1111111110
944 3195 1017 3262 ‘Die
1039 3197 1262 3262 Elsdssiscben
1284 3197 1354 3262 An-

235 3285 332 3349 nalem
355 3286 412 3349 der
435 3284 637 3364 Stauferreit’
661 3282 764 3366 (Pars
787 3286 866 3366 ΙΙΙ,
891 3307 958 3367 sap.
983 3286 1041 3367 II,
1069 3282 1147 3370 §1)
1171 3285 1355 3350 Annalium

236 3373 649 3438 Maurimonasteriensium
683 3395 751 3438 eum
786 3373 896 3439 ceteris
924 3374 1109 3440 Annalibus
1137 3373 1293 3440 Alsaticis
1324 3382 1356 3439 st

228 3461 401 3544 praecipue
418 3461 709 3545 Arpentinensibus
732 3483 915 3528 consensum
938 3463 1096 3545 explicare
1119 3470 1249 3528 conatus
1271 3483 1351 3527 sum.

342 3551 526 3616 Monachus
547 3551 610 3632 ille,
633 3550 690 3632 qui
711 3550 748 3615 in
770 3552 961 3616 monasterio
983 3574 1008 3617 s.
1026 3552 1145 3618 Mauri
1166 3551 1268 3616 medio
1287 3572 1353 3616 sae-
1373 3579 1400 3618 n

236 3639 305 3704 cnlo
327 3638 445 3704 decimo
468 3638 558 3704 tertio
581 3641 687 3704 breves
709 3640 769 3704 bas
791 3647 883 3704 notas
905 3640 1099 3722 conscripsit,
1129 3640 1166 3706 in
1187 3639 1354 3722 prioribus

236 3727 425 3808 temporibus
447 3727 644 3793 enarrandis
666 3729 837 3810 deperditis
862 3728 943 3811 ipsis
958 3730 1144 3795 Annalibus
1165 3728 1355 3794 monasterii

236 3815 484 3899 Arpentinensis
512 3838 589 3880 usus
611 3823 664 3897 est,
693 3838 770 3898 qnos
792 3838 831 3882 ec
852 3817 956 3883 variis
985 3817 1130 3900 reliqniis
1158 3816 1355 3882 restituimus

238 3902 310 3984 (Cf.
327 3905 347 3967 l.
364 3925 390 3968 a.
409 3900 432 3986 ξ
451 3903 498 3984 3).
542 3904 667 3986 Omnia,
691 3927 771 3987 qnae
793 3908 958 3987 usquead
979 3929 1008 3972 a.
1033 3913 1127 3971 1218.
1151 3929 1221 3972 cum
1244 3906 1355 3971 cetems

236 3991 422 4056 Annalibus
443 3991 518 4056 inde
533 3993 689 4074 profectis
711 3995 916 4076 consentiunt,
941 3995 1054 4061 litteris
1074 3995 1188 4061 mediis
1207 3990 1353 4074 (minori-
1373 4019 1401 4060 so

238 4079 320 4160 bus),
344 4099 409 4144 non
430 4079 583 4163 minimis,
609 4084 731 4148 edenda
749 4083 869 4165 curaui,
894 4084 941 4149 ita
964 4090 1069 4149 11111
1090 4091 1126 4150 ut
1143 4083 1283 4150 deductis
1305 4083 1354 4147 lit·

237 4167 314 4233 teris
336 4189 375 4232 ea
397 4168 655 4252 exprimerentur,
679 4191 759 4252 quae
781 4172 1158 4238 Maurimonasteriensis
1183 4173 1269 4237 solus
1290 4193 1353 4236 ser-

237 4255 332 4322 varit.
391 4256 517 4322 Notitia
555 4281 585 4323 a.
626 4266 721 4323 1239.
756 4260 868 4342 prima
906 4263 951 4327 ad
987 4261 1089 4343 ipsum
1126 4260 1354 4326 monasterium

236 4366 263 4412 s.
286 4344 406 4410 Mauri
431 4345 567 4427 respicit.
