2992 4950
487 432 669 488 Anninus
687 432 978 490 MARBAOENSES.
1080 443 1083 448 “
1256 440 1293 494 83

172 619 356 700 ceperunt;
388 621 423 681 et
447 617 506 700 qui
536 616 631 699 prius
661 617 829 700 gregatim
855 620 890 681 et
913 637 975 700 per
997 620 1129 680 turmas
1153 638 1231 682 suas
1255 622 1435 684 earam-a

172 725 361 788 numquam
396 706 469 769 sine
505 708 611 769 cautu
646 704 847 769 celeumatis
877 706 1023 770 transire
1047 705 1206 770 solebant
1228 728 1291 791 per

171 797 292 868 terras,
328 795 430 858 modo
465 792 668 876 singillatim
704 796 739 857 et
773 794 809 855 in
844 793 992 870 silentio,
1027 794 1219 878 nudipedes
1254 800 1290 860 et

172 881 325 946 famelici
348 883 532 946 redeuntes
555 881 642 945 facti
666 885 747 944 sunt
771 882 929 945 omnibus
957 883 994 945 in
1017 883 1176 960 derisum,
1208 885 1290 966 quia

138 993 153 1033 a
172 970 320 1054 plurime
335 971 485 1053 virgines
500 973 598 1053 rapte
616 973 651 1034 et
670 970 788 1033 florem
805 971 996 1054 pudiciciea
1012 991 1071 1036 sue
1089 972 1288 1036 amiserunt.

270 1058 409 1123 'Eodem
434 1079 524 1122 anno
547 1059 643 1122 iacta
666 1062 718 1122 est
741 1059 915 1142 expeditio
943 1079 1044 1123 cruce
1075 1061 1289 1144 signatorum
1300 1069 1378 1122 1212.

172 1169 193 1210 a
216 1148 303 1212 duce
327 1146 489 1212 Austrisl
513 1150 549 1211 ct
572 1147 777 1230 quibusdam
809 1152 899 1212 terre
930 1147 1117 1213 baronibus
1144 1149 1289 1233 aliisque

173 1236 304 1301 diverse
343 1236 552 1300 conditionis
587 1235 786 1299 hominibus
819 1237 856 1298 in
891 1235 1058 1300 auxilium
1093 1238 1212 1302 comiti
1246 1238 1289 1302 de

171 1324 391 1388 Muniorrat²
414 1325 458 1388 ad
481 1325 744 1407 inpugnandum
768 1323 960 1402 Albienses,
988 1326 1047 1408 qui
1070 1329 1106 1390 et
1128 1320 1306 1410 Ruptarii¹

128 1413 226 1477 ravel
250 1412 424 1490 Ooterelli,
461 1413 632 1478 hereticos
666 1413 800 1477 scilicet
830 1413 873 1477 de
904 1415 997 1478 terra
1020 1414 1138 1478 Sancti
1162 1414 1287 1499 Egidii,

171 1502 358 1566 mandante
388 1502 453 1565 hoc
483 1502 597 1585 ipsum
627 1503 663 1565 et
693 1505 817 1584 agente
851 1523 942 1586 papa
972 1502 1194 1580 Innocentio,
1230 1505 1289 1586 qui

170 1590 237 1654 iter
259 1589 349 1653 illud
368 1591 504 1672 iniungi
526 1589 679 1655 faciebat
706 1591 743 1652 in
772 1591 1007 1655 remissionem
1037 1592 1288 1675 peccatorum3.

278 1679 471 1743 Redeamus
494 1698 587 1741 nunc
610 1679 655 1742 ad
678 1678 868 1762 hystoriam
892 1679 934 1742 de
959 1673 1122 1745 ottoneb.
1158 1680 1289 1745 Videns

170 1767 279 1849 igitur
297 1788 388 1851 papa
406 1767 630 1850 pertinatiam
650 1765 799 1843 Ottonis,
825 1787 926 1849 quem
950 1768 1045 1852 prius
1068 1769 1105 1831 in
1129 1769 1289 1832 omnibus

127 1877 153 1916 a
170 1855 306 1920 foverat
345 1859 380 1920 et
418 1856 454 1919 in
493 1855 604 1919 altum
642 1854 905 1932 sublimaverat,
953 1875 1031 1919 cum
1069 1877 1180 1938 neque
1226 1878 1288 1941 pro

171 1944 388 2009 absolutione
434 1965 496 2008 nec
544 1964 606 2027 pro
648 1944 896 2028 compositione
941 1944 1058 2027 aliqua
1103 1944 1286 2023 laboraret,
1390 2003 1392 2007 ,

170 2032 265 2096 misit
301 2033 338 2095 in
377 2032 539 2116 Syciliam
578 2036 613 2096 et
657 2033 776 2097 eduxit
813 2033 894 2096 inde
933 2032 1145 2096 Fridericum
1184 2054 1386 2117 supraaare.)

170 2121 419 2185 memoratum⁴
453 2120 610 2186 Heinrici
643 2121 818 2204 quondam
850 2121 1068 2204 imperatoris
1105 2120 1216 2184 filium
1252 2126 1287 2186 et

170 2208 305 2274 litteras
329 2207 430 2273 suas⁵
453 2209 579 2274 direxit
602 2209 770 2273 universis
792 2212 884 2273 terre
907 2208 1137 2292 principibus;
1162 2209 1286 2293 quibus

126 2298 268 2362 adedit
298 2298 335 2361 in
365 2298 547 2375 mandatis,
579 2302 619 2361 ut
652 2298 798 2362 eundem
829 2297 1056 2362 *Fridericum
1090 2297 1166 2362 loco
1196 2299 1287 2381 regis

68 2371 151 2421 '²³⁷³'
170 2387 384 2470 susciperent
407 2390 442 2450 et
465 2389 730 2451 manutenerent
755 2388 790 2450 et
815 2386 852 2449 in
882 2385 1040 2450 omnibus
1071 2387 1103 2450 ei
1132 2389 1287 2451 astarent

169 2476 302 2559 sibique
319 2475 515 2539 transeunti
533 2496 595 2559 per
609 2478 719 2540 terras
734 2475 877 2558 quisque
894 2495 955 2539 suo
972 2475 1048 2538 loco
1065 2472 1286 2539 *conductum
1297 2500 1325 2548 a.
1336 2501 1383 2542 ιω.

169 2564 357 2629 honorifice
380 2562 574 2647 preberent.
621 2562 722 2642 Quod
745 2566 781 2628 et
804 2565 935 2627 factum
961 2566 1023 2628 est.
1066 2563 1287 2649 Comperiens

169 2650 254 2717 Otto
293 2652 460 2716 Friderici
498 2653 696 2730 adventum,
735 2653 903 2717 desistens
942 2653 985 2716 ab
1024 2653 1286 2737 impugnatione

123 2761 151 2800 aa
169 2740 355 2824 lantgravii
384 2741 613 2825 proficiscitur
636 2741 771 2805 obviam
800 2742 1005 2806 adversario.
1053 2740 1122 2820 Qui
1144 2743 1227 2805 dum
1249 2742 1287 2806 in
1297 2767 1377 2816 (aar.)

168 2829 327 2914 partibus
357 2828 501 2893 Sueviae
533 2830 772 2893 convenissent
781 2828 802 2906 ⁶,
835 2829 919 2894 Otto
951 2852 1029 2894 cunr
1062 2831 1131 2894 suis
1167 2832 1287 2895 cedere

170 2917 366 3001 compulsus
390 2921 501 2982 estet
526 2917 702 3001 prevalere
733 2939 802 2982 non
832 2920 958 3003 potuit,
990 2919 1071 3002 quia
1102 2940 1163 3002 pro
1194 2923 1288 2983 tena-

169 3007 276 3071 citate
306 3027 369 3070 sua
403 3006 506 3070 multi
535 3027 613 3070 eum
644 3006 952 3091 relinquebant0'7.
1010 3006 1135 3070 Adhuc
1170 3009 1287 3071 tamen

169 3095 300 3160 habens
335 3095 498 3159 fiduciam
532 3095 568 3158 in
603 3095 676 3160 solo
712 3096 799 3159 duce
834 3095 876 3159 de
907 3095 1074 3178 Zeringen
1109 3094 1287 3158 descendit

123 3284 152 3325 80
169 3286 191 3334 a)
209 3282 299 3334 pudicia
312 3296 331 3324 c.
412 3285 436 3332 b)
453 3285 547 3332 fortasse
562 3285 632 3324 tracis
649 3285 749 3323 narratio
765 3285 867 3324 (tronione
881 3283 1068 3332 Hahmbumener's
1086 3284 1112 3322 de
1129 3284 1189 3322 clade
1205 3283 1289 3323 ottonis

168 3338 252 3385 factm
264 3339 357 3377 liriorta
369 3337 458 3377 librarii
471 3338 629 3386 Nmbnramcia
642 3338 676 3376 ln'c
689 3341 770 3376 remora
783 3341 820 3376 cat.
875 3338 896 3387 c)
910 3338 942 3374 r‘ta
955 3349 974 3375 c.

171 3481 197 3545 1)
216 3479 359 3547 Liapoldo.
426 3480 454 3546 2)
475 3479 582 3531 Simoni
597 3481 628 3530 alc
641 3480 782 3543 Montfart.
796 3507 830 3516 -
843 3478 964 3529 Annales
975 3479 1105 3529 ductrice
1122 3479 1170 3542 (cf.
1185 3478 1287 3533 Contin.

171 3550 419 3616 aauarnnoaurq.
439 3551 475 3601 acl
492 3566 518 3603 a.
533 3553 611 3616 1213,
626 3549 674 3604 SS.
687 3549 741 3614 IX,
757 3566 786 3615 p.
800 3552 866 3611 62⁸2)
884 3554 1003 3600 narrant
1021 3550 1111 3600 dacem
1124 3549 1289 3615 Linpoldam

170 3621 207 3671 ad
224 3620 412 3687 Hispanorum
431 3621 566 3672 ancilium
581 3621 731 3688 profectam
748 3636 809 3685 aesc,
828 3622 876 3686 qui
892 3625 954 3670 tnnc
974 3620 1164 3684 graviesimam
1183 3620 1287 3671 Sarra·

122 3706 151 3748 aa
169 3707 294 3744 canoram
312 3693 475 3744 invniomm
492 3695 569 3759 passi
585 3697 657 3744 cant.
701 3692 738 3743 Aa
755 3693 812 3742 iam
830 3696 891 3742 ante
910 3691 1049 3741 adamatam
1076 3691 1133 3742 eine
1158 3693 1289 3743 exercitas

171 3762 345 3815 Christianus
362 3763 404 3815 die
421 3764 462 3817 16.
477 3763 544 3813 Iulii
560 3780 586 3817 a.
601 3765 677 3818 1212.
696 3764 835 3813 victoriam
852 3762 1044 3827 deportaverat.
1075 3761 1208 3827 Jaritsclr,
1226 3762 1288 3813 ‘Ge-

168 3833 281 3885 scbichte
301 3834 349 3885 der
366 3833 565 3899 Babanberycr'
579 3850 609 3900 p.
628 3836 689 3888 419.
710 3833 838 3886 Granicae
855 3837 962 3884 nostrae
983 3834 1049 3898 plns
1067 3834 1235 3883 auctmitatis
1255 3863 1287 3871 —

168 3904 269 3968 anan,
282 3920 319 3955 an
331 3905 438 3956 iare-
450 3904 552 3968 tribuit,
564 3921 623 3956 cam
635 3904 798 3972 Liapaldnm
812 3906 903 3970 primo
917 3907 1011 3955 cantra
1023 3903 1184 3969 Albiqcnscc,
1196 3904 1289 3956 deinde

170 3977 200 4026 in
216 3974 384 4041 Hispaniam
401 3976 590 4042 mpeditionem
608 3979 717 4028 movisse
735 3976 889 4028 admitteret.
974 3974 1002 4044 3)
1023 3974 1065 4038 Cf.
1085 3976 1189 4026 litteras
1207 3976 1289 4027 Inno-

120 4061 153 4100 40
169 4047 249 4096 centii
277 4045 333 4099 III.
364 4046 395 4098 da
425 4062 498 4098 anno
528 4048 607 4101 1208.
638 4048 722 4110 1209,
754 4044 992 4098 Raima-Faun-
1025 4062 1068 4100 nr.
1100 4047 1178 4101 6007.
1210 4048 1289 4101 0078.

168 4115 197 4184 4)
217 4116 260 4180 Cf.
279 4131 366 4184 aspra
378 4116 415 4166 ad
429 4132 532 4168 annum
545 4119 614 4172 1210
632 4125 671 4183 (1).
684 4118 715 4171 81
720 4153 728 4180 ,
745 4117 761 4171 l.
777 4119 830 4177 11).
897 4116 924 4184 5)
938 4117 1062 4183 Repietro
1073 4118 1223 4170 Innocentii
1233 4118 1288 4169 III.

168 4187 345 4254 cpr'atolaamm
364 4187 472 4252 illoram
489 4203 623 4240 annornm
640 4187 783 4254 deperdito,
799 4187 878 4238 nulla
896 4188 994 4239 taliam
1010 4189 1162 4240 litterarum
1179 4190 1290 4254 vestigia

169 4257 245 4310 nobie
262 4263 370 4310 manain
381 4263 452 4313 sant.
523 4259 550 4326 6)
563 4259 651 4310 Mense
663 4257 808 4326 Septembri
819 4261 924 4309 ineunte
937 4259 1092 4311 Fridaicm
1105 4259 1290 4312 Constantiam

168 4331 290 4394 instravit,
308 4329 373 4380 dum
393 4329 452 4381 ono
470 4330 499 4380 r'n
518 4331 615 4396 oppido
634 4329 806 4394 Ueterlinycn
824 4334 1007 4383 commoretur.
1080 4331 1108 4398 7)
1129 4330 1169 4394 Cf.
1191 4331 1288 4384 Chaon.

120 4413 151 4454 aa
173 4399 299 4468 Urapcra.
317 4398 380 4466 (SS.
396 4399 508 4464 XXIII,
524 4418 552 4468 p.
565 4403 639 4462 377).

1040 4505 1073 4561 6*
