2970 4950
24 602 83 642 Hor.
91 600 153 641 Hice.

9 745 29 790 b.
38 744 110 790 XIII,
119 743 152 785 tl.

21 1311 50 1351 ca
61 1310 126 1361 τιν,
133 1310 153 1350 1.

22 1452 52 1492 u.
62 1451 113 1501 rr,
121 1451 155 1490 14.

23 1699 83 1740 Hm.
94 1698 156 1741 rrae.

60 2857 90 2905 *fi
102 2857 157 2896 181‘.

91 2911 158 2950 Bere.

31 2963 88 3005 ΗΜ.
96 2964 158 3003 Mire.

61 3131 91 3180 cf.
102 3132 131 3172 ra.

36 3184 158 3236 xmae.

162 413 200 469 24
478 407 660 464 ANNALES
678 405 969 464 MARBAGENSES.

163 588 277 660 singulis
295 591 413 642 mortem
431 586 533 640 inferre
551 585 696 654 minitans3
715 601 766 654 pro
784 583 873 654 patrie
895 583 1053 639 defensione
1078 583 1107 638 in
1132 600 1181 638 sua
1198 585 1286 640 verba

163 677 258 716 omnes
276 659 367 714 iurare
385 659 484 728 coegit.

270 729 454 785 Secundo¹
467 732 548 800 capta
564 731 605 781 est
617 727 707 781 Roma
723 744 740 779 a
755 725 926 780 conditione
943 743 1000 780 sua
1017 742 1089 780 anno
1101 725 1284 783 MGLXIIII.

165 802 206 857 ab
230 801 351 855 Alarico
375 817 447 871 rege
472 798 629 853 Gothorum
649 797 712 851 sub
733 797 898 850 Honorio
920 796 1178 865 imperatore&
1216 797 1287 867 Qui

163 873 283 929 veniens
306 871 414 927 Urbem
439 871 585 938 devastat,
612 869 749 923 incendit
773 868 929 936 multosque
955 867 1085 922 senatorii
1112 867 1216 922 ordinis
1243 868 1318 922 dio

163 944 248 999 uersis
273 943 410 997 subdidit
433 940 582 1011 suppliciis,
608 940 673 993 dato
698 944 791 993 tamen
815 939 892 1008 prius
916 942 1056 1009 precepto,
1080 942 1121 1006 ut,
1146 939 1237 1007 siqui
1255 939 1286 993 in

164 1019 258 1069 sancta
276 1015 337 1068 loca
356 1016 391 1068 et
408 1012 534 1067 basilicas
552 1010 746 1081 confugissent,
764 1009 909 1064 inviolatos
922 1025 1085 1078 securosque
1098 1026 1156 1064 esse
1167 1010 1285 1066 sineret.

163 1085 321 1140 Romanum
339 1084 442 1138 etiam
460 1082 607 1152 imperium
623 1081 779 1137 deridentes
795 1080 931 1135 barbari
948 1081 1143 1150 impensiorem
1159 1079 1286 1135 lecerunt

163 1157 302 1226 quendam
328 1154 441 1209 nomine
462 1153 604 1208 Athalum.
644 1153 733 1223 Quem
760 1169 822 1206 uno
850 1151 895 1205 die
921 1155 1064 1220 tamquam
1089 1151 1128 1205 im
1164 1155 1286 1206 retorem

163 1228 289 1282 fecerunt
316 1225 481 1296 procedere,
512 1224 599 1278 altera
625 1241 690 1278 vero
721 1224 793 1278 servi
819 1226 939 1278 scemate
965 1223 1129 1294 minilstrare
1154 1224 1172 1292 l.
1217 1221 1330 1292 Quinc

163 1296 302 1353 Athalus²
329 1314 346 1350 a
371 1295 543 1350 Romanis
569 1298 699 1364 postea
729 1298 825 1363 captus
857 1295 955 1347 missus
981 1292 1023 1349 est
1049 1292 1191 1363 Honori03
1226 1294 1288 1363 qui

163 1371 293 1424 truncata
310 1384 394 1420 manu
411 1367 468 1421 vite
485 1364 627 1436 re[lictusb
645 1366 703 1436 est].

273 1438 414 1493 Tercio⁰
432 1440 512 1506 capte
530 1440 571 1490 est
586 1435 677 1490 Roma
695 1454 712 1490 a
729 1435 890 1490 condicione
908 1453 957 1490 sua
975 1452 1051 1490 auno
1064 1434 1288 1492 Mcovmlr

167 1509 278 1564 (luins
296 1508 535 1578 captivitatis
554 1525 657 1562 casus
674 1507 733 1562 hic
750 1508 832 1564 suit.
868 1507 1078 1563 Valentinianus
1096 1506 1203 1561 huius
1225 1524 1288 1561 no-

165 1599 274 1653 minis
301 1595 418 1668 [111.‹1]‚
449 1580 536 1668 squi⁴
566 1583 770 1648 novissimus
792 1584 830 1647 in
856 1584 942 1649 urbe
964 1584 1075 1648 Roma
1103 1603 1212 1667 usque
1242 1584 1288 1649 ad
1307 1607 1332 1647 ιο

166 1674 334 1739 Karolum
357 1674 522 1757 Magnum
548 1695 592 1737 au
642 1676 716 1737 stris
744 1672 940 1757 appellatus
968 1669 1041 1749 est,l
1065 1683 1180 1738 Ειίιυιιὅ
1201 1684 1288 1754 patri-

167 1760 250 1825 cium,
274 1757 441 1828 singularem
486 1757 562 1826 opuli
627 1756 702 1809 mani
726 1773 811 1826 spem,
836 1755 984 1824 interemit,
1009 1773 1071 1810 cum
1095 1760 1158 1824 quo'
1176 1755 1288 1809 fortuna

167 1829 256 1884 omnis
280 1832 309 1882 et
332 1828 420 1882 virtus
444 1775 579 1897 lddsperie
605 1828 716 1884 corruit.
757 1827 824 1897 Qui
843 1826 1071 1881 Valentinianus⁸
1095 1830 1228 1897 augustus
1253 1827 1288 1881 ab

166 1899 261 1955 amicis
279 1899 344 1968 Etfi,
370 1916 437 1968 quos
463 1899 515 1953 sibi
533 1899 672 1969 delegerat
693 1899 832 1966 satellites,
859 1896 1075 1969 [inter]ficiturb‚
1101 1902 1130 1952 et
1148 1897 1288 1952 Maximus

167 1971 286 2041 quidam,
308 1971 386 2025 cuius
403 1971 468 2024 hoc
489 1969 708 2025 homicidium
726 1969 791 2023 dolo
808 1973 997 2039 perpetratum
1016 1968 1115 2037 luerat,
1136 1968 1289 2038 imperator
1307 1981 1333 2020 ro

167 2046 283 2098 creatur.
321 2041 405 2111 [Quib
428 2042 502 2111 cum]
527 2040 638 2095 viduam
664 2041 721 2093 eius
742 2040 898 2094 Eudoxiam
923 2043 1067 2110 augustam
1091 2039 1147 2094 suis
1171 2040 1289 2094 invitam

166 2113 269 2182 nuptiis
293 2111 437 2183 adegisset,
462 2113 510 2165 illa
528 2111 708 2167 Gemericum
727 2110 868 2182 [Africeb]
887 2128 992 2180 regem,
1017 2115 1049 2165 ut
1072 2111 1165 2165 mariti
1188 2111 1289 2166 vindex

168 2184 319 2252 adveniret,
343 2183 479 2238 invitavit.
509 2182 593 2236 (luins
611 2183 731 2236 adventu
750 2181 889 2236 Maximus
908 2180 983 2250 {vixb
1003 2183 1090 2237 altero
1107 2181 1218 2252 imperii
1235 2181 1288 2252 sui]

165 2272 260 2309 mense
290 2259 448 2324 comperto,
479 2271 542 2308 cum
571 2254 674 2322 passim
703 2253 833 2307 nobilitas
860 2252 1014 2307 Romani
1042 2257 1119 2308 cetus
1147 2270 1183 2308 ex
1209 2251 1289 2308 Urbe

166 2326 335 2396 profugeret,
360 2325 419 2394 ipse
444 2341 554 2393 quoque
578 2323 726 2394 [trepi]dob
749 2340 778 2379 se
800 2324 892 2378 auimo
910 2328 996 2393 parat
1014 2324 1049 2379 ad
1067 2324 1177 2408 fugam·
1204 2322 1255 2378 sed
1272 2340 1289 2377 a
1307 2335 1335 2375 ae

167 2397 299 2452 ministris
325 2395 390 2450 ilico
416 2395 500 2466 regiis
525 2395 671 2449 dilaniatus
696 2399 724 2449 et
748 2396 922 2450 membratim
947 2395 1077 2450 disiectus
1103 2412 1133 2448 m
1199 2395 1289 2450 berim

167 2466 422 2537 precipitatus
441 2469 489 2522 est,
528 2465 690 2520 Gensericus
710 2467 840 2520 continuo
865 2483 979 2521 uacuam
1004 2466 1145 2521 civitatem
1167 2465 1289 2536 presidio

167 2536 1290 2676 ocddddrusetatdddurddppdlididstoUrribsemLeidrddsuuddrperedidstdrgdtudmffibuidmddlddedd

167 2678 267 2748 opibus
285 2678 391 2745 ablatis,
409 2678 497 2732 multa
514 2677 579 2733 inde
597 2679 769 2747 captivorum
786 2679 863 2733 milia
887 2696 951 2734 cum
976 2647 1092 2750 adgnata
1109 2678 1237 2733 Eudoxio
1261 2681 1291 2733 et
1309 2691 1336 2735 ao

167 2749 227 2803 eius
243 2748 353 2802 filiabus
373 2748 598 2818 [Kar]taginemb
614 2751 728 2805 revexit.

275 2818 401 2874 Odnzer'
418 2837 468 2874 rex
482 2820 702 2892 Torcilingorum
721 2823 750 2874 et
767 2819 912 2891 Rugorum
929 2839 1045 2890 pervasa
1056 2820 1152 2876 Ytalia
1169 2819 1291 2875 Romam

169 2891 244 2960 capit
259 2890 370 2959 *quarta
385 2889 440 2944 iam
453 2891 532 2947 viee⁰
550 2909 567 2944 a
581 2892 738 2946 conditione
751 2908 799 2945 sua
812 2909 883 2946 anno
896 2891 1080 2947 ΜΟΟΧΧΧ.8
1091 2896 1120 2947 et
1131 2892 1291 2962 Augustulo

168 2982 335 3049 rmperatore
371 2979 482 3034 exiliato
518 2979 577 3050 ipse
612 2979 702 3035 Rome
737 2980 879 3048 tyrannice
914 2984 1020 3051 regnat.
1080 2974 1201 3032 Exinde
1238 2990 1290 3032 res

168 3063 310 3121 Romane
348 3066 381 3121 et
418 3063 521 3121 omnis
558 3063 680 3138 imperii
719 3066 823 3120 status
861 3064 947 3138 apud
983 3063 1291 3139 Constantinopolim
1309 3080 1336 3122 aa

169 3152 367 3210 solummodo
413 3169 483 3210 esse
521 3139 638 3227 cepief,
685 3151 838 3226 Hesperia
876 3151 943 3210 fere
989 3153 1076 3210 omni
1120 3155 1153 3210 et
1190 3151 1292 3226 Lybia

168 3240 309 3299 barbaris
339 3242 478 3299 addicta.

275 3317 346 3372 His
380 3317 630 3388 temporibus
664 3317 872 3373 Theodericus&
908 3335 959 3372 rex
995 3317 1133 3372 Ytalis
1165 3314 1292 3371 Ζοιιοιιὶ9

168 3389 426 3460 imperatori,
457 3389 523 3458 qui
558 3393 651 3443 tunc
681 3389 720 3442 in
756 3388 930 3444 orientis
965 3389 1152 3459 partibus
1189 3387 1292 3457 apud

169 3552 191 3599 a)
212 3551 236 3589 in
255 3549 354 3600 morulae
373 3561 440 3589 manu
459 3560 537 3590 coaeva
556 3561 609 3592 saec.
629 3550 707 3590 XIII:
728 3547 833 3590 Sccnudo
853 3550 925 3590 Roma
945 3555 1012 3600 capta
1032 3555 1072 3593 est.
1162 3549 1185 3599 b)
1206 3549 1292 3589 litterae
1310 3552 1337 3590 40

169 3604 249 3644 amas
262 3613 290 3643 sc
303 3604 362 3643 Hiar.
376 3604 438 3647 IIlse.
451 3605 523 3654 suppl.
595 3603 617 3656 c)
635 3604 659 3642 ἐκ
676 3604 775 3652 margine
792 3614 858 3643 mnu
876 3613 953 3644 eorem
969 3613 1025 3644 saec.
1039 3603 1117 3645 XIII:
1135 3603 1205 3644 tereto
1219 3603 1292 3643 Roma

169 3662 236 3707 capta
250 3661 291 3702 ast.
340 3654 363 3709 d)
377 3658 476 3705 austae
488 3657 517 3705 cs.
532 3667 600 3705 supra
609 3667 635 3705 p.
646 3657 667 3706 8,
682 3657 697 3696 l.
709 3658 741 3696 12.
757 3661 776 3696 et
789 3657 837 3698 sab
850 3657 877 3695 de
890 3658 967 3708 nata,
981 3658 1078 3708 puocha
1085 3657 1180 3705 sortasse
1189 3656 1293 3696 Oresteae

169 3711 348 3760 Hormourpenel
367 3711 394 3749 dc
413 3714 481 3750 morte
501 3709 618 3758 Augustini
638 3709 719 3748 Inserta
740 3714 807 3752 mant.
864 3710 885 3762 a)
902 3711 925 3748 ln
943 3711 1042 3760 anamim
1058 3722 1123 3750 mans
1143 3720 1221 3750 coaeva
1233 3720 1290 3749 saec.

169 3763 246 3803 XIII:
264 3768 346 3813 quarto
359 3763 431 3802 Roma
445 3767 480 3802 est
492 3768 566 3811 capta.
621 3763 638 3811 I)
657 3763 689 3801 lto
704 3773 722 3802 e.
777 3764 799 3816 g)
817 3764 841 3803 s'n
854 3765 1032 3812 sarcinensem
1047 3774 1124 3804 coaeva
1141 3773 1198 3803 saec.
1213 3763 1292 3803 1111:

168 3814 235 3857 Nota.
250 3817 297 3857 Iste
311 3821 346 3856 ost
358 3816 474 3855 Dieterich
487 3826 534 3854 von
547 3815 644 3857 Bernae.
1309 3818 1338 3858 45

171 3960 198 4022 1)
217 3957 266 4009 Ea·
283 3957 356 4011 Hert.
374 3956 450 4010 Miro.
469 3956 554 4022 XIII,
573 3971 594 4011 c.
606 3959 651 4012 27.
721 3956 749 4027 2)
768 3959 889 4011 Indfflcm
906 3959 987 4025 XIV,
1005 3974 1026 4014 c.
1041 3961 1055 4015 1
1074 3961 1122 4026 (cf.
1140 3959 1292 4025 Marators',

169 4027 218 4083 SS.
235 4043 290 4082 rer.
303 4027 366 4082 Ital.
379 4027 403 4092 I,
418 4045 447 4095 p.
461 4029 514 4095 92).
586 4028 615 4098 3)
634 4029 678 4080 m
694 4029 768 4085 Hier.
779 4029 857 4085 Me'ee.
873 4030 940 4095 XV,
957 4046 978 4085 e.
993 4032 1035 4098 14,
1054 4029 1102 4083 abi
1118 4033 1206 4082 tamen
1223 4033 1294 4082 anai

169 4099 205 4151 ab
220 4098 250 4153 U.
264 4113 284 4152 c.
297 4098 453 4151 IIGOVIH
461 4105 649 4155 numeretur.
715 4101 743 4170 4)
764 4101 806 4168 Of.
817 4117 905 4169 supra
918 4119 947 4170 p.
959 4104 985 4157 8.
1052 4100 1080 4171 δ)
1098 4101 1209 4153 Echs'nc
1220 4098 1292 4155 Hie.

169 4170 246 4223 Maec.
264 4168 328 4234 XV,
346 4185 367 4224 e.
381 4171 416 4225 12
433 4169 587 4235 (Maratom'
598 4171 623 4237 I,
638 4188 669 4238 p.
683 4173 756 4234 100).
829 4172 856 4242 6)
882 4173 991 4225 Echino
1009 4187 1029 4228 e.
1044 4175 1078 4229 13
1096 4173 1252 4239 (Merctorr'
1268 4171 1293 4238 I,

165 4258 195 4309 p.
210 4241 283 4301 101).
338 4241 366 4309 7)
385 4240 495 4294 Exha'nc
506 4241 646 4294 Muratcri
657 4242 681 4309 I,
693 4262 723 4311 p.
738 4245 787 4298 101
805 4246 849 4310 (in
863 4245 974 4296 eddim
986 4243 1200 4310 Eyeeenlaardtii
1209 4241 1293 4309 XVI,
1311 4258 1340 4298 oo

169 4327 191 4367 c.
201 4314 243 4367 10.
256 4317 346 4364 amun
358 4313 440 4365 mailro
451 4314 608 4380 discrepans
619 4315 761 4383 traditus).
815 4317 844 4382 8)
854 4331 926 4368 anno
935 4313 1106 4369 MOGXXX.
1115 4331 1151 4368 ea·
1159 4313 1294 4367 Bemoldo

169 4383 206 4434 od
223 4399 249 4437 a.
262 4385 325 4440 475.
389 4386 415 4451 9)
434 4383 556 4439 Zenoni.
568 4426 574 4440 .
585 4427 591 4440 .
602 4401 665 4438 cum
678 4385 733 4438 suis
746 4383 845 4439 Gothis
857 4385 936 4441 milit.
948 4402 983 4440 ea·
993 4386 1128 4439 Bernoldo
1140 4385 1177 4436 od
1190 4400 1217 4438 α.
1228 4386 1291 4440 492.
