<?xml version="1.0" encoding="UTF-8"?>
<!DOCTYPE html PUBLIC "-//W3C//DTD XHTML 1.0 Transitional//EN"
    "http://www.w3.org/TR/xhtml1/DTD/xhtml1-transitional.dtd">
<html xmlns="http://www.w3.org/1999/xhtml" xml:lang="en" lang="en">
 <head>
  <title>
</title>
<meta http-equiv="Content-Type" content="text/html;charset=utf-8" />
  <meta name='ocr-system' content='tesseract 3.04.00' />
  <meta name='ocr-capabilities' content='ocr_page ocr_carea ocr_par ocr_line ocrx_word'/>
</head>
<body>
  <div class='ocr_page' id='page_1' title='image "./annalesmarbacen00blocgoog_0087.png"; bbox 0 0 2970 4950; ppageno 0'>
   <div class='ocr_carea' id='block_1_1' title="bbox 241 422 1043 481">
    <p class='ocr_par' dir='ltr' id='par_1_1' title="bbox 241 422 1043 481">
     <span class='ocr_line' id='line_1_1' title="bbox 241 422 1043 481; baseline 0.001 -1"><span class='ocrx_word' id='word_1_1' title='bbox 241 426 277 481; x_wconf 76' lang='lat'>58</span> <span class='ocrx_word' id='word_1_2' title='bbox 555 422 735 478; x_wconf 74' lang='lat' dir='ltr'>ANNAIAES</span> <span class='ocrx_word' id='word_1_3' title='bbox 754 423 1043 481; x_wconf 78' lang='lat' dir='ltr'>MARBAOENSES.</span> 
     </span>
    </p>
   </div>
   <div class='ocr_carea' id='block_1_2' title="bbox 155 608 1467 3721">
    <p class='ocr_par' dir='ltr' id='par_1_2' title="bbox 155 608 1402 1583">
     <span class='ocr_line' id='line_1_2' title="bbox 155 608 1357 694; baseline 0.007 -28"><span class='ocrx_word' id='word_1_4' title='bbox 155 614 232 668; x_wconf 81' lang='lat'>1187.</span> <span class='ocrx_word' id='word_1_5' title='bbox 243 629 360 673; x_wconf 90' lang='lat' dir='ltr'>omnes</span> <span class='ocrx_word' id='word_1_6' title='bbox 387 608 498 672; x_wconf 82' lang='lat' dir='ltr'>vicine</span> <span class='ocrx_word' id='word_1_7' title='bbox 531 608 688 672; x_wconf 89' lang='lat' dir='ltr'>civitates</span> <span class='ocrx_word' id='word_1_8' title='bbox 718 611 834 692; x_wconf 87' lang='lat' dir='ltr'>preter</span> <span class='ocrx_word' id='word_1_9' title='bbox 864 610 971 672; x_wconf 88' lang='lat' dir='ltr'>solam</span> <span class='ocrx_word' id='word_1_10' title='bbox 994 609 1119 693; x_wconf 80' lang='lat' dir='ltr'>&#39;Pyrum</span> <span class='ocrx_word' id='word_1_11' title='bbox 1151 615 1357 694; x_wconf 79' lang='lat' dir='ltr'>expugnate,</span> 
     </span>
     <span class='ocr_line' id='line_1_3' title="bbox 243 697 1358 782; baseline 0.002 -22"><span class='ocrx_word' id='word_1_12' title='bbox 243 699 378 781; x_wconf 89' lang='lat' dir='ltr'>aliaque</span> <span class='ocrx_word' id='word_1_13' title='bbox 413 697 678 761; x_wconf 77' lang='lat' dir='ltr'>innumerabilia</span> <span class='ocrx_word' id='word_1_14' title='bbox 713 701 748 761; x_wconf 90' lang='lat' dir='ltr'>et</span> <span class='ocrx_word' id='word_1_15' title='bbox 782 698 941 761; x_wconf 88' lang='lat' dir='ltr'>inaudita</span> <span class='ocrx_word' id='word_1_16' title='bbox 976 701 1113 782; x_wconf 84' lang='lat' dir='ltr'>patrata</span> <span class='ocrx_word' id='word_1_17' title='bbox 1143 703 1226 762; x_wconf 93' lang='lat' dir='ltr'>sunt</span> <span class='ocrx_word' id='word_1_18' title='bbox 1257 700 1358 764; x_wconf 90' lang='lat' dir='ltr'>mala.</span> 
     </span>
     <span class='ocr_line' id='line_1_4' title="bbox 243 787 1358 872; baseline 0.004 -23"><span class='ocrx_word' id='word_1_19' title='bbox 243 788 357 850; x_wconf 90' lang='lat' dir='ltr'>Huius</span> <span class='ocrx_word' id='word_1_20' title='bbox 391 788 442 850; x_wconf 92' lang='lat' dir='ltr'>rei</span> <span class='ocrx_word' id='word_1_21' title='bbox 476 787 594 850; x_wconf 90' lang='lat' dir='ltr'>nuncii</span> <span class='ocrx_word' id='word_1_22' title='bbox 629 807 705 850; x_wconf 92' lang='lat' dir='ltr'>cum</span> <span class='ocrx_word' id='word_1_23' title='bbox 737 787 780 850; x_wconf 91' lang='lat' dir='ltr'>ad</span> <span class='ocrx_word' id='word_1_24' title='bbox 811 787 1039 870; x_wconf 89' lang='lat' dir='ltr'>apostolicum</span> <span class='ocrx_word' id='word_1_25' title='bbox 1073 789 1254 863; x_wconf 89' lang='lat' dir='ltr'>venissent,</span> <span class='ocrx_word' id='word_1_26' title='bbox 1286 790 1358 872; x_wconf 93' lang='lat' dir='ltr'>ipse</span> 
     </span>
     <span class='ocr_line' id='line_1_5' title="bbox 243 875 1359 960; baseline 0.003 -22"><span class='ocrx_word' id='word_1_27' title='bbox 243 876 338 959; x_wconf 91' lang='lat' dir='ltr'>prius</span> <span class='ocrx_word' id='word_1_28' title='bbox 361 896 421 959; x_wconf 89' lang='lat' dir='ltr'>per</span> <span class='ocrx_word' id='word_1_29' title='bbox 445 875 577 957; x_wconf 86' lang='lat' dir='ltr'>legatos</span> <span class='ocrx_word' id='word_1_30' title='bbox 601 896 680 939; x_wconf 87' lang='lat' dir='ltr'>suos</span> <span class='ocrx_word' id='word_1_31' title='bbox 703 877 785 957; x_wconf 84' lang='lat' dir='ltr'>regi,</span> <span class='ocrx_word' id='word_1_32' title='bbox 810 877 870 959; x_wconf 92' lang='lat' dir='ltr'>qui</span> <span class='ocrx_word' id='word_1_33' title='bbox 893 881 976 940; x_wconf 88' lang='lat' dir='ltr'>tunc</span> <span class='ocrx_word' id='word_1_34' title='bbox 1000 877 1164 960; x_wconf 90' lang='lat' dir='ltr'>temporis</span> <span class='ocrx_word' id='word_1_35' title='bbox 1187 878 1224 940; x_wconf 90' lang='lat' dir='ltr'>in</span> <span class='ocrx_word' id='word_1_36' title='bbox 1240 878 1359 942; x_wconf 87' lang='lat' dir='ltr'>Ytalia</span> 
     </span>
     <span class='ocr_line' id='line_1_6' title="bbox 242 965 1389 1049; baseline 0.001 -22"><span class='ocrx_word' id='word_1_37' title='bbox 242 966 312 1028; x_wconf 80' lang='lat' dir='ltr'>fuit</span> <span class='ocrx_word' id='word_1_38' title='bbox 323 966 342 1041; x_wconf 81' lang='lat'>1,</span> <span class='ocrx_word' id='word_1_39' title='bbox 369 966 431 1029; x_wconf 93' lang='lat' dir='ltr'>hec</span> <span class='ocrx_word' id='word_1_40' title='bbox 460 965 648 1028; x_wconf 71' lang='lat' dir='ltr'>insinuavit</span> <span class='ocrx_word' id='word_1_41' title='bbox 678 967 713 1028; x_wconf 90' lang='lat' dir='ltr'>et</span> <span class='ocrx_word' id='word_1_42' title='bbox 743 965 862 1028; x_wconf 92' lang='lat' dir='ltr'>habito</span> <span class='ocrx_word' id='word_1_43' title='bbox 893 986 995 1049; x_wconf 88' lang='lat' dir='ltr'>super</span> <span class='ocrx_word' id='word_1_44' title='bbox 1022 966 1087 1029; x_wconf 93' lang='lat' dir='ltr'>hoc</span> <span class='ocrx_word' id='word_1_45' title='bbox 1118 967 1260 1031; x_wconf 93' lang='lat' dir='ltr'>consilio</span> <span class='ocrx_word' id='word_1_46' title='bbox 1291 989 1389 1031; x_wconf 74' lang='lat' dir='ltr'>ear-i</span> 
     </span>
     <span class='ocr_line' id='line_1_7' title="bbox 243 1054 1360 1139; baseline 0.002 -23"><span class='ocrx_word' id='word_1_47' title='bbox 243 1054 393 1117; x_wconf 91' lang='lat' dir='ltr'>dinalem</span> <span class='ocrx_word' id='word_1_48' title='bbox 429 1055 625 1137; x_wconf 89' lang='lat' dir='ltr'>episcopum</span> <span class='ocrx_word' id='word_1_49' title='bbox 657 1054 928 1132; x_wconf 77' lang='lat' dir='ltr'>Prenestinum2,</span> <span class='ocrx_word' id='word_1_50' title='bbox 961 1055 1069 1117; x_wconf 91' lang='lat' dir='ltr'>virum</span> <span class='ocrx_word' id='word_1_51' title='bbox 1102 1056 1292 1139; x_wconf 72' lang='lat' dir='ltr'>sapientem</span> <span class='ocrx_word' id='word_1_52' title='bbox 1325 1059 1360 1120; x_wconf 89' lang='lat' dir='ltr'>et</span> 
     </span>
     <span class='ocr_line' id='line_1_8' title="bbox 245 1142 1360 1228; baseline 0.001 -20"><span class='ocrx_word' id='word_1_53' title='bbox 245 1144 472 1226; x_wconf 85' lang='lat' dir='ltr'>eloquentem,</span> <span class='ocrx_word' id='word_1_54' title='bbox 499 1143 542 1205; x_wconf 87' lang='lat' dir='ltr'>ad</span> <span class='ocrx_word' id='word_1_55' title='bbox 567 1144 630 1205; x_wconf 89' lang='lat' dir='ltr'>hec</span> <span class='ocrx_word' id='word_1_56' title='bbox 655 1142 934 1206; x_wconf 88' lang='lat' dir='ltr'>annunciandum</span> <span class='ocrx_word' id='word_1_57' title='bbox 959 1144 1092 1207; x_wconf 89' lang='lat' dir='ltr'>cunctis</span> <span class='ocrx_word' id='word_1_58' title='bbox 1123 1148 1159 1208; x_wconf 91' lang='lat' dir='ltr'>et</span> <span class='ocrx_word' id='word_1_59' title='bbox 1189 1144 1233 1207; x_wconf 89' lang='lat' dir='ltr'>ad</span> <span class='ocrx_word' id='word_1_60' title='bbox 1264 1166 1360 1228; x_wconf 87' lang='lat' dir='ltr'>expe·</span> 
     </span>
     <span class='ocr_line' id='line_1_9' title="bbox 244 1232 1359 1315; baseline 0.001 -19"><span class='ocrx_word' id='word_1_61' title='bbox 244 1233 410 1296; x_wconf 79' lang='lat' dir='ltr'>ditionem</span> <span class='ocrx_word' id='word_1_62' title='bbox 442 1232 705 1294; x_wconf 83' lang='lat' dir='ltr'>transmarinam</span> <span class='ocrx_word' id='word_1_63' title='bbox 737 1233 980 1315; x_wconf 86' lang='lat' dir='ltr'>predicandam</span> <span class='ocrx_word' id='word_1_64' title='bbox 1011 1233 1119 1311; x_wconf 92' lang='lat' dir='ltr'>misit,</span> <span class='ocrx_word' id='word_1_65' title='bbox 1151 1234 1359 1297; x_wconf 88' lang='lat' dir='ltr'>auctoritate</span> 
     </span>
     <span class='ocr_line' id='line_1_10' title="bbox 244 1321 1360 1404; baseline 0.002 -20"><span class='ocrx_word' id='word_1_66' title='bbox 244 1321 309 1384; x_wconf 86' lang='lat' dir='ltr'>sibi</span> <span class='ocrx_word' id='word_1_67' title='bbox 348 1341 523 1397; x_wconf 89' lang='lat' dir='ltr'>concessa,</span> <span class='ocrx_word' id='word_1_68' title='bbox 563 1323 603 1383; x_wconf 94' lang='lat' dir='ltr'>ut</span> <span class='ocrx_word' id='word_1_69' title='bbox 641 1322 846 1403; x_wconf 84' lang='lat' dir='ltr'>quicumque</span> <span class='ocrx_word' id='word_1_70' title='bbox 885 1343 1019 1386; x_wconf 90' lang='lat' dir='ltr'>crucem</span> <span class='ocrx_word' id='word_1_71' title='bbox 1059 1323 1213 1404; x_wconf 89' lang='lat' dir='ltr'>accipere</span> <span class='ocrx_word' id='word_1_72' title='bbox 1254 1322 1360 1387; x_wconf 91' lang='lat' dir='ltr'>vellet</span> 
     </span>
     <span class='ocr_line' id='line_1_11' title="bbox 244 1410 1402 1494; baseline -0.002 -21"><span class='ocrx_word' id='word_1_73' title='bbox 244 1411 397 1474; x_wconf 92' lang='lat' dir='ltr'>omnium</span> <span class='ocrx_word' id='word_1_74' title='bbox 436 1411 652 1492; x_wconf 90' lang='lat' dir='ltr'>peccatorum</span> <span class='ocrx_word' id='word_1_75' title='bbox 690 1410 922 1475; x_wconf 85' lang='lat' dir='ltr'>remissionem</span> <span class='ocrx_word' id='word_1_76' title='bbox 960 1414 995 1475; x_wconf 90' lang='lat' dir='ltr'>et</span> <span class='ocrx_word' id='word_1_77' title='bbox 1029 1411 1284 1494; x_wconf 83' lang='lat' dir='ltr'>indulgentiam</span> <span class='ocrx_word' id='word_1_78' title='bbox 1320 1433 1360 1475; x_wconf 84' lang='lat' dir='ltr'>ex</span> <span class='ocrx_word' id='word_1_79' title='bbox 1380 1436 1402 1472; x_wconf 85' lang='lat' dir='ltr'>lo</span> 
     </span>
     <span class='ocr_line' id='line_1_12' title="bbox 245 1498 1359 1583; baseline 0.001 -21"><span class='ocrx_word' id='word_1_80' title='bbox 245 1501 341 1583; x_wconf 90' lang='lat' dir='ltr'>parte</span> <span class='ocrx_word' id='word_1_81' title='bbox 366 1498 432 1562; x_wconf 88' lang='lat' dir='ltr'>Dei</span> <span class='ocrx_word' id='word_1_82' title='bbox 460 1498 525 1561; x_wconf 88' lang='lat' dir='ltr'>sibi</span> <span class='ocrx_word' id='word_1_83' title='bbox 555 1499 782 1582; x_wconf 85' lang='lat' dir='ltr'>promitteret.</span> <span class='ocrx_word' id='word_1_84' title='bbox 830 1500 897 1563; x_wconf 85' lang='lat' dir='ltr'>Sed</span> <span class='ocrx_word' id='word_1_85' title='bbox 921 1499 988 1563; x_wconf 93' lang='lat' dir='ltr'>Dei</span> <span class='ocrx_word' id='word_1_86' title='bbox 1017 1500 1197 1564; x_wconf 89' lang='lat' dir='ltr'>voluntate</span> <span class='ocrx_word' id='word_1_87' title='bbox 1226 1501 1359 1564; x_wconf 83' lang='lat' dir='ltr'>factum</span> 
     </span>
    </p>

    <p class='ocr_par' dir='ltr' id='par_1_3' title="bbox 184 1588 1406 3097">
     <span class='ocr_line' id='line_1_13' title="bbox 184 1588 1361 1673; baseline 0.004 -26"><span class='ocrx_word' id='word_1_88' title='bbox 184 1609 234 1647; x_wconf 66' lang='lat' dir='ltr'>nee.</span> <span class='ocrx_word' id='word_1_89' title='bbox 245 1591 306 1664; x_wconf 88' lang='lat' dir='ltr'>est,</span> <span class='ocrx_word' id='word_1_90' title='bbox 331 1589 421 1670; x_wconf 93' lang='lat' dir='ltr'>quod</span> <span class='ocrx_word' id='word_1_91' title='bbox 447 1588 566 1651; x_wconf 90' lang='lat' dir='ltr'>eodem</span> <span class='ocrx_word' id='word_1_92' title='bbox 585 1590 739 1671; x_wconf 89' lang='lat' dir='ltr'>tempore</span> <span class='ocrx_word' id='word_1_93' title='bbox 756 1589 846 1652; x_wconf 88' lang='lat' dir='ltr'>circa</span> <span class='ocrx_word' id='word_1_94' title='bbox 862 1589 940 1652; x_wconf 84' lang='lat' dir='ltr'>Kal.</span> <span class='ocrx_word' id='word_1_95' title='bbox 958 1589 1158 1653; x_wconf 82' lang='lat' dir='ltr'>Decembris</span> <span class='ocrx_word' id='word_1_96' title='bbox 1173 1589 1361 1673; x_wconf 88' lang='lat' dir='ltr'>imperator</span> 
     </span>
     <span class='ocr_line' id='line_1_14' title="bbox 245 1677 1360 1762; baseline 0.001 -22"><span class='ocrx_word' id='word_1_97' title='bbox 245 1677 436 1759; x_wconf 87' lang='lat' dir='ltr'>Argentine</span> <span class='ocrx_word' id='word_1_98' title='bbox 461 1677 587 1740; x_wconf 90' lang='lat' dir='ltr'>curiam</span> <span class='ocrx_word' id='word_1_99' title='bbox 613 1677 795 1740; x_wconf 90' lang='lat' dir='ltr'>habiturus</span> <span class='ocrx_word' id='word_1_100' title='bbox 818 1681 893 1741; x_wconf 89' lang='lat' dir='ltr'>erat</span> <span class='ocrx_word' id='word_1_101' title='bbox 902 1678 923 1739; x_wconf 78' lang='lat'>³.</span> <span class='ocrx_word' id='word_1_102' title='bbox 971 1679 1026 1741; x_wconf 85' lang='lat' dir='ltr'>Ad</span> <span class='ocrx_word' id='word_1_103' title='bbox 1050 1699 1152 1761; x_wconf 90' lang='lat' dir='ltr'>quam</span> <span class='ocrx_word' id='word_1_104' title='bbox 1180 1699 1259 1741; x_wconf 92' lang='lat' dir='ltr'>cum</span> <span class='ocrx_word' id='word_1_105' title='bbox 1290 1698 1360 1762; x_wconf 87' lang='lat' dir='ltr'>pre-</span> 
     </span>
     <span class='ocr_line' id='line_1_15' title="bbox 245 1766 1360 1851; baseline 0.001 -22"><span class='ocrx_word' id='word_1_106' title='bbox 245 1767 358 1829; x_wconf 89' lang='lat' dir='ltr'>dictus</span> <span class='ocrx_word' id='word_1_107' title='bbox 388 1766 523 1849; x_wconf 81' lang='lat' dir='ltr'>legatus</span> <span class='ocrx_word' id='word_1_108' title='bbox 554 1766 668 1830; x_wconf 90' lang='lat' dir='ltr'>venire</span> <span class='ocrx_word' id='word_1_109' title='bbox 698 1766 805 1830; x_wconf 89' lang='lat' dir='ltr'>vellet</span> <span class='ocrx_word' id='word_1_110' title='bbox 833 1787 896 1831; x_wconf 90' lang='lat' dir='ltr'>nec</span> <span class='ocrx_word' id='word_1_111' title='bbox 927 1769 1056 1851; x_wconf 88' lang='lat' dir='ltr'>posset,</span> <span class='ocrx_word' id='word_1_112' title='bbox 1089 1768 1244 1850; x_wconf 88' lang='lat' dir='ltr'>premisit</span> <span class='ocrx_word' id='word_1_113' title='bbox 1275 1769 1360 1831; x_wconf 91' lang='lat' dir='ltr'>duos</span> 
     </span>
     <span class='ocr_line' id='line_1_16' title="bbox 245 1854 1403 1934; baseline -0.001 -17"><span class='ocrx_word' id='word_1_114' title='bbox 245 1855 398 1918; x_wconf 87' lang='lat' dir='ltr'>nuncios.</span> <span class='ocrx_word' id='word_1_115' title='bbox 441 1854 508 1934; x_wconf 74' lang='lat' dir='ltr'>Qui</span> <span class='ocrx_word' id='word_1_116' title='bbox 531 1856 697 1919; x_wconf 86' lang='lat' dir='ltr'>festinato</span> <span class='ocrx_word' id='word_1_117' title='bbox 722 1876 823 1918; x_wconf 90' lang='lat' dir='ltr'>cursu</span> <span class='ocrx_word' id='word_1_118' title='bbox 847 1857 890 1919; x_wconf 92' lang='lat' dir='ltr'>ad</span> <span class='ocrx_word' id='word_1_119' title='bbox 915 1857 1058 1920; x_wconf 89' lang='lat' dir='ltr'>eandem</span> <span class='ocrx_word' id='word_1_120' title='bbox 1084 1857 1213 1919; x_wconf 90' lang='lat' dir='ltr'>curiam</span> <span class='ocrx_word' id='word_1_121' title='bbox 1237 1877 1360 1920; x_wconf 87' lang='lat' dir='ltr'>venere</span> <span class='ocrx_word' id='word_1_122' title='bbox 1380 1878 1403 1916; x_wconf 82' lang='lat' dir='ltr'>u</span> 
     </span>
     <span class='ocr_line' id='line_1_17' title="bbox 245 1944 1361 2029; baseline 0 -21"><span class='ocrx_word' id='word_1_123' title='bbox 245 1947 281 2008; x_wconf 90' lang='lat' dir='ltr'>et</span> <span class='ocrx_word' id='word_1_124' title='bbox 304 1948 462 2027; x_wconf 88' lang='lat' dir='ltr'>presente</span> <span class='ocrx_word' id='word_1_125' title='bbox 493 1945 700 2028; x_wconf 86' lang='lat' dir='ltr'>imperatore</span> <span class='ocrx_word' id='word_1_126' title='bbox 730 1944 872 2026; x_wconf 89' lang='lat' dir='ltr'>aliisque</span> <span class='ocrx_word' id='word_1_127' title='bbox 903 1945 1116 2029; x_wconf 88' lang='lat' dir='ltr'>principibus</span> <span class='ocrx_word' id='word_1_128' title='bbox 1147 1950 1183 2009; x_wconf 89' lang='lat' dir='ltr'>et</span> <span class='ocrx_word' id='word_1_129' title='bbox 1213 1946 1361 2008; x_wconf 86' lang='lat' dir='ltr'>maxima</span> 
     </span>
     <span class='ocr_line' id='line_1_18' title="bbox 245 2033 1360 2117; baseline 0.001 -21"><span class='ocrx_word' id='word_1_130' title='bbox 245 2033 469 2097; x_wconf 89' lang='lat' dir='ltr'>multitudine</span> <span class='ocrx_word' id='word_1_131' title='bbox 493 2034 638 2098; x_wconf 88' lang='lat' dir='ltr'>aliorum</span> <span class='ocrx_word' id='word_1_132' title='bbox 662 2033 909 2098; x_wconf 86' lang='lat' dir='ltr'>lacrimabilem</span> <span class='ocrx_word' id='word_1_133' title='bbox 934 2055 993 2098; x_wconf 91' lang='lat' dir='ltr'>sue</span> <span class='ocrx_word' id='word_1_134' title='bbox 1017 2034 1201 2117; x_wconf 85' lang='lat' dir='ltr'>legationis</span> <span class='ocrx_word' id='word_1_135' title='bbox 1223 2054 1360 2097; x_wconf 89' lang='lat' dir='ltr'>causam</span> 
     </span>
     <span class='ocr_line' id='line_1_19' title="bbox 245 2123 1361 2207; baseline -0.001 -21"><span class='ocrx_word' id='word_1_136' title='bbox 245 2126 470 2206; x_wconf 83' lang='lat' dir='ltr'>exponentes,</span> <span class='ocrx_word' id='word_1_137' title='bbox 506 2124 548 2186; x_wconf 89' lang='lat' dir='ltr'>ad</span> <span class='ocrx_word' id='word_1_138' title='bbox 581 2123 690 2186; x_wconf 89' lang='lat' dir='ltr'>crucis</span> <span class='ocrx_word' id='word_1_139' title='bbox 726 2124 978 2204; x_wconf 86' lang='lat' dir='ltr'>susceptionem</span> <span class='ocrx_word' id='word_1_140' title='bbox 1013 2126 1083 2186; x_wconf 86' lang='lat' dir='ltr'>tarn</span> <span class='ocrx_word' id='word_1_141' title='bbox 1118 2123 1361 2207; x_wconf 85' lang='lat' dir='ltr'>imperatorem</span> 
     </span>
     <span class='ocr_line' id='line_1_20' title="bbox 245 2211 1360 2295; baseline 0 -21"><span class='ocrx_word' id='word_1_142' title='bbox 245 2233 347 2294; x_wconf 88' lang='lat' dir='ltr'>quam</span> <span class='ocrx_word' id='word_1_143' title='bbox 373 2212 458 2275; x_wconf 87' lang='lat' dir='ltr'>alios</span> <span class='ocrx_word' id='word_1_144' title='bbox 482 2212 658 2275; x_wconf 89' lang='lat' dir='ltr'>adhortati</span> <span class='ocrx_word' id='word_1_145' title='bbox 682 2215 772 2274; x_wconf 89' lang='lat' dir='ltr'>sunt.</span> <span class='ocrx_word' id='word_1_146' title='bbox 813 2211 880 2275; x_wconf 80' lang='lat' dir='ltr'>Sed</span> <span class='ocrx_word' id='word_1_147' title='bbox 905 2233 982 2276; x_wconf 91' lang='lat' dir='ltr'>cum</span> <span class='ocrx_word' id='word_1_148' title='bbox 999 2211 1107 2275; x_wconf 88' lang='lat' dir='ltr'>nichil</span> <span class='ocrx_word' id='word_1_149' title='bbox 1124 2213 1360 2295; x_wconf 84' lang='lat' dir='ltr'>profecissent,</span> 
     </span>
     <span class='ocr_line' id='line_1_21' title="bbox 245 2300 1405 2384; baseline -0.003 -20"><span class='ocrx_word' id='word_1_150' title='bbox 245 2301 363 2364; x_wconf 89' lang='lat' dir='ltr'>statim</span> <span class='ocrx_word' id='word_1_151' title='bbox 402 2301 555 2364; x_wconf 89' lang='lat' dir='ltr'>eiusdem</span> <span class='ocrx_word' id='word_1_152' title='bbox 593 2301 744 2364; x_wconf 91' lang='lat' dir='ltr'>civitatis</span> <span class='ocrx_word' id='word_1_153' title='bbox 782 2300 961 2384; x_wconf 90' lang='lat' dir='ltr'>episcopus</span> <span class='ocrx_word' id='word_1_154' title='bbox 1000 2301 1185 2365; x_wconf 89' lang='lat' dir='ltr'>Heinricus</span> <span class='ocrx_word' id='word_1_155' title='bbox 1223 2301 1405 2365; x_wconf 75' lang='lat' dir='ltr'>nominem</span> 
     </span>
     <span class='ocr_line' id='line_1_22' title="bbox 246 2390 1362 2473; baseline -0.001 -19"><span class='ocrx_word' id='word_1_156' title='bbox 246 2393 365 2454; x_wconf 90' lang='lat' dir='ltr'>sancto</span> <span class='ocrx_word' id='word_1_157' title='bbox 389 2390 528 2453; x_wconf 84' lang='lat' dir='ltr'>afflatus</span> <span class='ocrx_word' id='word_1_158' title='bbox 553 2390 677 2473; x_wconf 88' lang='lat' dir='ltr'>spiritu</span> <span class='ocrx_word' id='word_1_159' title='bbox 699 2392 800 2453; x_wconf 89' lang='lat' dir='ltr'>tanta</span> <span class='ocrx_word' id='word_1_160' title='bbox 829 2390 993 2454; x_wconf 86' lang='lat' dir='ltr'>facundia</span> <span class='ocrx_word' id='word_1_161' title='bbox 1023 2393 1059 2455; x_wconf 93' lang='lat' dir='ltr'>et</span> <span class='ocrx_word' id='word_1_162' title='bbox 1088 2391 1259 2455; x_wconf 88' lang='lat' dir='ltr'>suavitate</span> <span class='ocrx_word' id='word_1_163' title='bbox 1291 2411 1362 2472; x_wconf 89' lang='lat' dir='ltr'>per-</span> 
     </span>
     <span class='ocr_line' id='line_1_23' title="bbox 246 2478 1361 2561; baseline -0.001 -19"><span class='ocrx_word' id='word_1_164' title='bbox 246 2480 367 2555; x_wconf 90' lang='lat' dir='ltr'>oravit,</span> <span class='ocrx_word' id='word_1_165' title='bbox 392 2480 483 2561; x_wconf 91' lang='lat' dir='ltr'>quod</span> <span class='ocrx_word' id='word_1_166' title='bbox 506 2478 578 2542; x_wconf 88' lang='lat' dir='ltr'>fere</span> <span class='ocrx_word' id='word_1_167' title='bbox 606 2480 758 2541; x_wconf 91' lang='lat' dir='ltr'>omnium</span> <span class='ocrx_word' id='word_1_168' title='bbox 790 2480 848 2561; x_wconf 92' lang='lat' dir='ltr'>qui</span> <span class='ocrx_word' id='word_1_169' title='bbox 879 2481 1022 2543; x_wconf 89' lang='lat' dir='ltr'>aderant</span> <span class='ocrx_word' id='word_1_170' title='bbox 1055 2482 1185 2544; x_wconf 87' lang='lat' dir='ltr'>mentes</span> <span class='ocrx_word' id='word_1_171' title='bbox 1216 2480 1259 2542; x_wconf 91' lang='lat' dir='ltr'>ad</span> <span class='ocrx_word' id='word_1_172' title='bbox 1289 2483 1361 2542; x_wconf 88' lang='lat' dir='ltr'>tam</span> 
     </span>
     <span class='ocr_line' id='line_1_24' title="bbox 246 2567 1368 2632; baseline -0.003 0"><span class='ocrx_word' id='word_1_173' title='bbox 246 2568 383 2632; x_wconf 90' lang='lat' dir='ltr'>salubre</span> <span class='ocrx_word' id='word_1_174' title='bbox 406 2569 474 2631; x_wconf 89' lang='lat' dir='ltr'>iter</span> <span class='ocrx_word' id='word_1_175' title='bbox 497 2567 665 2630; x_wconf 90' lang='lat' dir='ltr'>accendit.</span> <span class='ocrx_word' id='word_1_176' title='bbox 718 2568 789 2630; x_wconf 88' lang='lat' dir='ltr'>Diu</span> <span class='ocrx_word' id='word_1_177' title='bbox 818 2571 936 2632; x_wconf 89' lang='lat' dir='ltr'>tamen</span> <span class='ocrx_word' id='word_1_178' title='bbox 967 2569 1099 2632; x_wconf 91' lang='lat' dir='ltr'>cunctis</span> <span class='ocrx_word' id='word_1_179' title='bbox 1130 2568 1368 2632; x_wconf 88' lang='lat' dir='ltr'>hesitantibus.</span> 
     </span>
     <span class='ocr_line' id='line_1_25' title="bbox 247 2656 1362 2740; baseline 0 -19"><span class='ocrx_word' id='word_1_180' title='bbox 247 2661 282 2721; x_wconf 91' lang='lat' dir='ltr'>et</span> <span class='ocrx_word' id='word_1_181' title='bbox 328 2656 425 2720; x_wconf 91' lang='lat' dir='ltr'>nullo</span> <span class='ocrx_word' id='word_1_182' title='bbox 471 2677 606 2719; x_wconf 90' lang='lat' dir='ltr'>crucem</span> <span class='ocrx_word' id='word_1_183' title='bbox 645 2657 851 2740; x_wconf 80' lang='lat' dir='ltr'>accipiente,</span> <span class='ocrx_word' id='word_1_184' title='bbox 899 2657 1038 2740; x_wconf 87' lang='lat' dir='ltr'>quidam</span> <span class='ocrx_word' id='word_1_185' title='bbox 1084 2658 1182 2722; x_wconf 88' lang='lat' dir='ltr'>miles</span> <span class='ocrx_word' id='word_1_186' title='bbox 1224 2657 1362 2721; x_wconf 87' lang='lat' dir='ltr'>nomine</span> 
     </span>
     <span class='ocr_line' id='line_1_26' title="bbox 247 2745 1406 2828; baseline 0 -20"><span class='ocrx_word' id='word_1_187' title='bbox 247 2745 406 2828; x_wconf 81' lang='lat' dir='ltr'>Syiridus</span> <span class='ocrx_word' id='word_1_188' title='bbox 435 2745 529 2809; x_wconf 90' lang='lat' dir='ltr'>dives</span> <span class='ocrx_word' id='word_1_189' title='bbox 560 2748 595 2808; x_wconf 89' lang='lat' dir='ltr'>et</span> <span class='ocrx_word' id='word_1_190' title='bbox 625 2748 809 2810; x_wconf 90' lang='lat' dir='ltr'>strennuus</span> <span class='ocrx_word' id='word_1_191' title='bbox 840 2747 882 2810; x_wconf 91' lang='lat' dir='ltr'>de</span> <span class='ocrx_word' id='word_1_192' title='bbox 915 2747 1196 2810; x_wconf 86' lang='lat' dir='ltr'>ministerialibus</span> <span class='ocrx_word' id='word_1_193' title='bbox 1228 2746 1406 2810; x_wconf 70' lang='lat' dir='ltr'>comitisa</span> 
     </span>
     <span class='ocr_line' id='line_1_27' title="bbox 249 2834 1362 2918; baseline 0.002 -21"><span class='ocrx_word' id='word_1_194' title='bbox 249 2834 385 2898; x_wconf 80' lang='lat' dir='ltr'>Alberti</span> <span class='ocrx_word' id='word_1_195' title='bbox 420 2835 462 2898; x_wconf 93' lang='lat' dir='ltr'>de</span> <span class='ocrx_word' id='word_1_196' title='bbox 493 2834 713 2918; x_wconf 82' lang='lat' dir='ltr'>Tagesburch</span> <span class='ocrx_word' id='word_1_197' title='bbox 749 2836 878 2918; x_wconf 90' lang='lat' dir='ltr'>primus</span> <span class='ocrx_word' id='word_1_198' title='bbox 909 2836 1052 2899; x_wconf 87' lang='lat' dir='ltr'>accessit</span> <span class='ocrx_word' id='word_1_199' title='bbox 1087 2839 1122 2899; x_wconf 86' lang='lat' dir='ltr'>et</span> <span class='ocrx_word' id='word_1_200' title='bbox 1153 2856 1288 2899; x_wconf 90' lang='lat' dir='ltr'>crucem</span> <span class='ocrx_word' id='word_1_201' title='bbox 1319 2835 1362 2899; x_wconf 88' lang='lat' dir='ltr'>ab</span> 
     </span>
     <span class='ocr_line' id='line_1_28' title="bbox 248 2924 1363 3008; baseline -0.002 -20"><span class='ocrx_word' id='word_1_202' title='bbox 248 2924 407 3007; x_wconf 90' lang='lat' dir='ltr'>episcopo</span> <span class='ocrx_word' id='word_1_203' title='bbox 441 2924 596 3007; x_wconf 90' lang='lat' dir='ltr'>sumpsit.</span> <span class='ocrx_word' id='word_1_204' title='bbox 655 2924 781 2987; x_wconf 81' lang='lat' dir='ltr'>Statim</span> <span class='ocrx_word' id='word_1_205' title='bbox 817 2925 976 3008; x_wconf 90' lang='lat' dir='ltr'>episcopo</span> <span class='ocrx_word' id='word_1_206' title='bbox 1011 2925 1170 3008; x_wconf 90' lang='lat' dir='ltr'>spiritum</span> <span class='ocrx_word' id='word_1_207' title='bbox 1205 2927 1363 2988; x_wconf 91' lang='lat' dir='ltr'>sanctum</span> 
     </span>
     <span class='ocr_line' id='line_1_29' title="bbox 246 3011 1363 3097; baseline 0 -21"><span class='ocrx_word' id='word_1_208' title='bbox 246 3015 400 3097; x_wconf 88' lang='lat' dir='ltr'>incepto:</span> <span class='ocrx_word' id='word_1_209' title='bbox 426 3011 506 3076; x_wconf 78' lang='lat' dir='ltr'>Veni</span> <span class='ocrx_word' id='word_1_210' title='bbox 529 3018 636 3076; x_wconf 75' lang='lat' dir='ltr'>soracte</span> <span class='ocrx_word' id='word_1_211' title='bbox 660 3011 822 3093; x_wconf 67' lang='lat' dir='ltr'>Spiritusa</span> <span class='ocrx_word' id='word_1_212' title='bbox 848 3014 1029 3091; x_wconf 86' lang='lat' dir='ltr'>invitante,</span> <span class='ocrx_word' id='word_1_213' title='bbox 1060 3017 1160 3077; x_wconf 91' lang='lat' dir='ltr'>tanto</span> <span class='ocrx_word' id='word_1_214' title='bbox 1187 3012 1303 3077; x_wconf 89' lang='lat' dir='ltr'>studio</span> <span class='ocrx_word' id='word_1_215' title='bbox 1328 3016 1363 3076; x_wconf 90' lang='lat' dir='ltr'>et</span> 
     </span>
    </p>

    <p class='ocr_par' dir='ltr' id='par_1_4' title="bbox 206 3102 1467 3721">
     <span class='ocr_line' id='line_1_30' title="bbox 206 3102 1364 3186; baseline -0.003 -18"><span class='ocrx_word' id='word_1_216' title='bbox 206 3162 209 3168; x_wconf 89' lang='lat'>.</span> <span class='ocrx_word' id='word_1_217' title='bbox 246 3103 444 3186; x_wconf 81' lang='lat' dir='ltr'>frequentia</span> <span class='ocrx_word' id='word_1_218' title='bbox 482 3105 715 3178; x_wconf 88' lang='lat' dir='ltr'>accesserunt,</span> <span class='ocrx_word' id='word_1_219' title='bbox 755 3104 846 3185; x_wconf 90' lang='lat' dir='ltr'>quod</span> <span class='ocrx_word' id='word_1_220' title='bbox 882 3104 1061 3186; x_wconf 89' lang='lat' dir='ltr'>episcopus</span> <span class='ocrx_word' id='word_1_221' title='bbox 1097 3107 1132 3167; x_wconf 90' lang='lat' dir='ltr'>et</span> <span class='ocrx_word' id='word_1_222' title='bbox 1166 3102 1269 3165; x_wconf 92' lang='lat' dir='ltr'>multi</span> <span class='ocrx_word' id='word_1_223' title='bbox 1303 3102 1364 3164; x_wconf 92' lang='lat' dir='ltr'>alii</span> 
     </span>
     <span class='ocr_line' id='line_1_31' title="bbox 247 3191 1408 3275; baseline -0.003 -19"><span class='ocrx_word' id='word_1_224' title='bbox 247 3192 363 3256; x_wconf 90' lang='lat' dir='ltr'>clerici</span> <span class='ocrx_word' id='word_1_225' title='bbox 386 3193 443 3255; x_wconf 86' lang='lat' dir='ltr'>vix</span> <span class='ocrx_word' id='word_1_226' title='bbox 466 3191 514 3255; x_wconf 91' lang='lat' dir='ltr'>eis</span> <span class='ocrx_word' id='word_1_227' title='bbox 538 3193 582 3254; x_wconf 87' lang='lat' dir='ltr'>ad</span> <span class='ocrx_word' id='word_1_228' title='bbox 607 3212 723 3255; x_wconf 90' lang='lat' dir='ltr'>cruces</span> <span class='ocrx_word' id='word_1_229' title='bbox 746 3191 947 3256; x_wconf 89' lang='lat' dir='ltr'>tribuendas</span> <span class='ocrx_word' id='word_1_230' title='bbox 974 3193 1133 3256; x_wconf 86' lang='lat' dir='ltr'>sufficere</span> <span class='ocrx_word' id='word_1_231' title='bbox 1164 3194 1362 3275; x_wconf 85' lang='lat' dir='ltr'>potuerunt.</span> <span class='ocrx_word' id='word_1_232' title='bbox 1383 3215 1408 3254; x_wconf 79' lang='lat' dir='ltr'>a</span> 
     </span>
     <span class='ocr_line' id='line_1_32' title="bbox 247 3280 1363 3362; baseline 0 -20"><span class='ocrx_word' id='word_1_233' title='bbox 247 3281 422 3359; x_wconf 74' lang='lat' dir='ltr'>Quantum</span> <span class='ocrx_word' id='word_1_234' title='bbox 447 3280 666 3344; x_wconf 89' lang='lat' dir='ltr'>lacrimarum</span> <span class='ocrx_word' id='word_1_235' title='bbox 691 3283 725 3343; x_wconf 90' lang='lat' dir='ltr'>et</span> <span class='ocrx_word' id='word_1_236' title='bbox 748 3281 940 3362; x_wconf 82' lang='lat' dir='ltr'>gemituum</span> <span class='ocrx_word' id='word_1_237' title='bbox 964 3282 1013 3345; x_wconf 95' lang='lat' dir='ltr'>ibi</span> <span class='ocrx_word' id='word_1_238' title='bbox 1041 3282 1083 3345; x_wconf 90' lang='lat' dir='ltr'>ab</span> <span class='ocrx_word' id='word_1_239' title='bbox 1114 3281 1273 3344; x_wconf 88' lang='lat' dir='ltr'>omnibus</span> <span class='ocrx_word' id='word_1_240' title='bbox 1304 3280 1363 3362; x_wconf 91' lang='lat' dir='ltr'>qui</span> 
     </span>
     <span class='ocr_line' id='line_1_33' title="bbox 247 3369 1364 3453; baseline -0.001 -21"><span class='ocrx_word' id='word_1_241' title='bbox 247 3372 391 3434; x_wconf 87' lang='lat' dir='ltr'>aderant·</span> <span class='ocrx_word' id='word_1_242' title='bbox 415 3369 586 3453; x_wconf 90' lang='lat' dir='ltr'>prolatum</span> <span class='ocrx_word' id='word_1_243' title='bbox 612 3369 666 3445; x_wconf 88' lang='lat' dir='ltr'>sit,</span> <span class='ocrx_word' id='word_1_244' title='bbox 691 3369 808 3432; x_wconf 90' lang='lat' dir='ltr'>nullus</span> <span class='ocrx_word' id='word_1_245' title='bbox 836 3391 946 3434; x_wconf 88' lang='lat' dir='ltr'>sermo</span> <span class='ocrx_word' id='word_1_246' title='bbox 978 3371 1148 3453; x_wconf 88' lang='lat' dir='ltr'>explicare</span> <span class='ocrx_word' id='word_1_247' title='bbox 1178 3369 1281 3446; x_wconf 86' lang='lat' dir='ltr'>valet,</span> <span class='ocrx_word' id='word_1_248' title='bbox 1312 3369 1364 3432; x_wconf 90' lang='lat' dir='ltr'>ita</span> 
     </span>
     <span class='ocr_line' id='line_1_34' title="bbox 246 3457 1467 3541; baseline 0.002 -20"><span class='ocrx_word' id='word_1_249' title='bbox 246 3461 336 3541; x_wconf 91' lang='lat' dir='ltr'>quod</span> <span class='ocrx_word' id='word_1_250' title='bbox 362 3480 424 3523; x_wconf 87' lang='lat' dir='ltr'>nec</span> <span class='ocrx_word' id='word_1_251' title='bbox 447 3460 520 3541; x_wconf 91' lang='lat' dir='ltr'>ipse</span> <span class='ocrx_word' id='word_1_252' title='bbox 543 3459 730 3541; x_wconf 90' lang='lat' dir='ltr'>imperator</span> <span class='ocrx_word' id='word_1_253' title='bbox 753 3481 773 3521; x_wconf 91' lang='lat' dir='ltr'>a</span> <span class='ocrx_word' id='word_1_254' title='bbox 797 3459 947 3522; x_wconf 90' lang='lat' dir='ltr'>lacrimis</span> <span class='ocrx_word' id='word_1_255' title='bbox 970 3481 1005 3523; x_wconf 91' lang='lat' dir='ltr'>se</span> <span class='ocrx_word' id='word_1_256' title='bbox 1029 3459 1202 3524; x_wconf 90' lang='lat' dir='ltr'>abstinere</span> <span class='ocrx_word' id='word_1_257' title='bbox 1223 3457 1363 3541; x_wconf 80' lang='lat' dir='ltr'>*potuit</span> <span class='ocrx_word' id='word_1_258' title='bbox 1382 3485 1467 3534; x_wconf 58' lang='lat' dir='ltr'>aaa</span> 
     </span>
     <span class='ocr_line' id='line_1_35' title="bbox 247 3548 1364 3632; baseline 0 -22"><span class='ocrx_word' id='word_1_259' title='bbox 247 3548 314 3626; x_wconf 81' lang='lat' dir='ltr'>Qui</span> <span class='ocrx_word' id='word_1_260' title='bbox 339 3549 443 3612; x_wconf 86' lang='lat' dir='ltr'>etiam</span> <span class='ocrx_word' id='word_1_261' title='bbox 467 3549 586 3612; x_wconf 89' lang='lat' dir='ltr'>eadem</span> <span class='ocrx_word' id='word_1_262' title='bbox 611 3549 695 3611; x_wconf 90' lang='lat' dir='ltr'>hora</span> <span class='ocrx_word' id='word_1_263' title='bbox 719 3568 855 3611; x_wconf 89' lang='lat' dir='ltr'>crucem</span> <span class='ocrx_word' id='word_1_264' title='bbox 879 3548 1076 3632; x_wconf 88' lang='lat' dir='ltr'>accepisset,</span> <span class='ocrx_word' id='word_1_265' title='bbox 1093 3549 1122 3612; x_wconf 91' lang='lat' dir='ltr'>si</span> <span class='ocrx_word' id='word_1_266' title='bbox 1138 3570 1207 3611; x_wconf 91' lang='lat' dir='ltr'>non</span> <span class='ocrx_word' id='word_1_267' title='bbox 1223 3550 1364 3631; x_wconf 86' lang='lat' dir='ltr'>propter</span> 
     </span>
     <span class='ocr_line' id='line_1_36' title="bbox 247 3637 1410 3721; baseline -0.001 -22"><span class='ocrx_word' id='word_1_268' title='bbox 247 3659 388 3702; x_wconf 84' lang='lat' dir='ltr'>werram</span> <span class='ocrx_word' id='word_1_269' title='bbox 424 3657 511 3720; x_wconf 91' lang='lat' dir='ltr'>quae</span> <span class='ocrx_word' id='word_1_270' title='bbox 545 3638 638 3701; x_wconf 89' lang='lat' dir='ltr'>inter</span> <span class='ocrx_word' id='word_1_271' title='bbox 672 3638 784 3719; x_wconf 91' lang='lat' dir='ltr'>ipsum</span> <span class='ocrx_word' id='word_1_272' title='bbox 820 3641 856 3702; x_wconf 90' lang='lat' dir='ltr'>et</span> <span class='ocrx_word' id='word_1_273' title='bbox 890 3638 1086 3721; x_wconf 89' lang='lat' dir='ltr'>episcopum</span> <span class='ocrx_word' id='word_1_274' title='bbox 1123 3637 1364 3701; x_wconf 79' lang='lat' dir='ltr'>Coloniensem</span> <span class='ocrx_word' id='word_1_275' title='bbox 1384 3660 1410 3699; x_wconf 74' lang='lat'>³5</span> 
     </span>
    </p>
   </div>
   <div class='ocr_carea' id='block_1_3' title="bbox 247 3775 1249 3827">
    <p class='ocr_par' dir='ltr' id='par_1_5' title="bbox 247 3775 1249 3827">
     <span class='ocr_line' id='line_1_37' title="bbox 247 3775 1249 3827; baseline -0.001 -13"><span class='ocrx_word' id='word_1_276' title='bbox 247 3775 268 3827; x_wconf 87' lang='lat' dir='ltr'>a)</span> <span class='ocrx_word' id='word_1_277' title='bbox 285 3777 352 3814; x_wconf 81' lang='lat' dir='ltr'>certis</span> <span class='ocrx_word' id='word_1_278' title='bbox 367 3775 418 3814; x_wconf 84' lang='lat' dir='ltr'>veni</span> <span class='ocrx_word' id='word_1_279' title='bbox 433 3780 510 3814; x_wconf 86' lang='lat' dir='ltr'>sancte</span> <span class='ocrx_word' id='word_1_280' title='bbox 525 3775 616 3823; x_wconf 83' lang='lat' dir='ltr'>spiritus</span> <span class='ocrx_word' id='word_1_281' title='bbox 631 3779 731 3814; x_wconf 76' lang='lat' dir='ltr'>neirmata</span> <span class='ocrx_word' id='word_1_282' title='bbox 744 3776 767 3814; x_wconf 84' lang='lat' dir='ltr'>in</span> <span class='ocrx_word' id='word_1_283' title='bbox 783 3775 854 3814; x_wconf 76' lang='lat' dir='ltr'>codice</span> <span class='ocrx_word' id='word_1_284' title='bbox 868 3776 940 3814; x_wconf 76' lang='lat' dir='ltr'>ecdem</span> <span class='ocrx_word' id='word_1_285' title='bbox 954 3787 1019 3814; x_wconf 68' lang='lat' dir='ltr'>anaim</span> <span class='ocrx_word' id='word_1_286' title='bbox 1032 3777 1179 3825; x_wconf 68' lang='lat' dir='ltr'>superscripta</span> <span class='ocrx_word' id='word_1_287' title='bbox 1192 3779 1249 3813; x_wconf 79' lang='lat' dir='ltr'>sunt.</span> 
     </span>
    </p>
   </div>
   <div class='ocr_carea' id='block_1_4' title="bbox 244 3881 1412 4520">
    <p class='ocr_par' dir='ltr' id='par_1_6' title="bbox 244 3881 1412 4520">
     <span class='ocr_line' id='line_1_38' title="bbox 250 3881 1367 3951; baseline -0.004 -14"><span class='ocrx_word' id='word_1_288' title='bbox 250 3881 275 3951; x_wconf 80' lang='lat'>1)</span> <span class='ocrx_word' id='word_1_289' title='bbox 295 3883 443 3933; x_wconf 77' lang='lat' dir='ltr'>Heinricus</span> <span class='ocrx_word' id='word_1_290' title='bbox 460 3897 510 3932; x_wconf 79' lang='lat' dir='ltr'>rea</span> <span class='ocrx_word' id='word_1_291' title='bbox 530 3896 609 3946; x_wconf 79' lang='lat' dir='ltr'>usque</span> <span class='ocrx_word' id='word_1_292' title='bbox 624 3882 661 3932; x_wconf 82' lang='lat' dir='ltr'>cd</span> <span class='ocrx_word' id='word_1_293' title='bbox 673 3882 751 3945; x_wconf 66' lang='lat' dir='ltr'>tinem</span> <span class='ocrx_word' id='word_1_294' title='bbox 763 3883 1060 3937; x_wconf 63' lang='lat' dir='ltr'>inauraturam</span> <span class='ocrx_word' id='word_1_295' title='bbox 1078 3884 1186 3935; x_wconf 78' lang='lat' dir='ltr'>incasit.</span> <span class='ocrx_word' id='word_1_296' title='bbox 1219 3882 1367 3947; x_wconf 74' lang='lat' dir='ltr'>Grcyorius</span> 
     </span>
     <span class='ocr_line' id='line_1_39' title="bbox 249 3952 1365 4020; baseline -0.001 -16"><span class='ocrx_word' id='word_1_297' title='bbox 249 3955 325 4005; x_wconf 83' lang='lat' dir='ltr'>ittam</span> <span class='ocrx_word' id='word_1_298' title='bbox 343 3953 481 4019; x_wconf 82' lang='lat' dir='ltr'>epistolam</span> <span class='ocrx_word' id='word_1_299' title='bbox 499 3955 522 4003; x_wconf 83' lang='lat' dir='ltr'>ci</span> <span class='ocrx_word' id='word_1_300' title='bbox 540 3954 613 4004; x_wconf 84' lang='lat' dir='ltr'>misit</span> <span class='ocrx_word' id='word_1_301' title='bbox 631 3969 697 4019; x_wconf 77' lang='lat' dir='ltr'>quac</span> <span class='ocrx_word' id='word_1_302' title='bbox 715 3953 888 4006; x_wconf 75' lang='lat' dir='ltr'>inscribitur:</span> <span class='ocrx_word' id='word_1_303' title='bbox 912 3953 1043 4006; x_wconf 85' lang='lat' dir='ltr'>Heinrico</span> <span class='ocrx_word' id='word_1_304' title='bbox 1062 3953 1160 4005; x_wconf 83' lang='lat' dir='ltr'>illustri</span> <span class='ocrx_word' id='word_1_305' title='bbox 1184 3952 1251 4020; x_wconf 83' lang='lat' dir='ltr'>regi,</span> <span class='ocrx_word' id='word_1_306' title='bbox 1277 3952 1365 4004; x_wconf 88' lang='lat' dir='ltr'>electo</span> 
     </span>
     <span class='ocr_line' id='line_1_40' title="bbox 248 4021 1366 4091; baseline 0.004 -16"><span class='ocrx_word' id='word_1_307' title='bbox 248 4023 436 4076; x_wconf 86' lang='lat' dir='ltr'>Romanorum</span> <span class='ocrx_word' id='word_1_308' title='bbox 472 4021 632 4089; x_wconf 86' lang='lat' dir='ltr'>imperatori</span> <span class='ocrx_word' id='word_1_309' title='bbox 668 4024 935 4090; x_wconf 75' lang='lat' dir='ltr'>(Jcffi-Liiwcnfcld</span> <span class='ocrx_word' id='word_1_310' title='bbox 970 4026 1034 4091; x_wconf 65' lang='lat' dir='ltr'>Regi.</span> <span class='ocrx_word' id='word_1_311' title='bbox 1067 4031 1141 4091; x_wconf 84' lang='lat' dir='ltr'>pont.</span> <span class='ocrx_word' id='word_1_312' title='bbox 1182 4040 1225 4076; x_wconf 77' lang='lat' dir='ltr'>ar.</span> <span class='ocrx_word' id='word_1_313' title='bbox 1263 4025 1366 4090; x_wconf 76' lang='lat'>160723</span> 
     </span>
     <span class='ocr_line' id='line_1_41' title="bbox 248 4094 1412 4164; baseline 0 -19"><span class='ocrx_word' id='word_1_314' title='bbox 248 4095 305 4148; x_wconf 88' lang='lat' dir='ltr'>LL.</span> <span class='ocrx_word' id='word_1_315' title='bbox 320 4094 457 4146; x_wconf 78' lang='lat' dir='ltr'>Constitui.</span> <span class='ocrx_word' id='word_1_316' title='bbox 472 4094 494 4159; x_wconf 89' lang='lat' dir='ltr'>I,</span> <span class='ocrx_word' id='word_1_317' title='bbox 510 4111 539 4161; x_wconf 78' lang='lat' dir='ltr'>p.</span> <span class='ocrx_word' id='word_1_318' title='bbox 553 4096 626 4159; x_wconf 80' lang='lat'>586).</span> <span class='ocrx_word' id='word_1_319' title='bbox 698 4094 727 4164; x_wconf 85' lang='lat'>2)</span> <span class='ocrx_word' id='word_1_320' title='bbox 745 4097 807 4147; x_wconf 84' lang='lat' dir='ltr'>Non</span> <span class='ocrx_word' id='word_1_321' title='bbox 824 4097 930 4148; x_wconf 79' lang='lat' dir='ltr'>Paulas</span> <span class='ocrx_word' id='word_1_322' title='bbox 946 4099 1081 4164; x_wconf 81' lang='lat' dir='ltr'>episcopus</span> <span class='ocrx_word' id='word_1_323' title='bbox 1096 4096 1289 4146; x_wconf 78' lang='lat' dir='ltr'>Praenestinus</span> <span class='ocrx_word' id='word_1_324' title='bbox 1307 4096 1369 4161; x_wconf 83' lang='lat' dir='ltr'>(qui</span> <span class='ocrx_word' id='word_1_325' title='bbox 1385 4106 1412 4144; x_wconf 63' lang='grc' dir='ltr'>ιο</span> 
     </span>
     <span class='ocr_line' id='line_1_42' title="bbox 244 4165 1367 4233; baseline -0.001 -16"><span class='ocrx_word' id='word_1_326' title='bbox 244 4171 338 4232; x_wconf 80' lang='lat' dir='ltr'>postca</span> <span class='ocrx_word' id='word_1_327' title='bbox 358 4166 474 4217; x_wconf 79' lang='lat' dir='ltr'>thmcas</span> <span class='ocrx_word' id='word_1_328' title='bbox 486 4165 541 4216; x_wconf 87' lang='lat'>111.</span> <span class='ocrx_word' id='word_1_329' title='bbox 557 4182 634 4233; x_wconf 82' lang='lat' dir='ltr'>papa</span> <span class='ocrx_word' id='word_1_330' title='bbox 652 4167 741 4229; x_wconf 79' lang='lat' dir='ltr'>factus</span> <span class='ocrx_word' id='word_1_331' title='bbox 759 4171 817 4233; x_wconf 81' lang='lat' dir='ltr'>cst),</span> <span class='ocrx_word' id='word_1_332' title='bbox 835 4170 880 4220; x_wconf 79' lang='lat' dir='ltr'>scd</span> <span class='ocrx_word' id='word_1_333' title='bbox 897 4169 1043 4220; x_wconf 79' lang='lat' dir='ltr'>Heinricus</span> <span class='ocrx_word' id='word_1_334' title='bbox 1061 4168 1213 4220; x_wconf 78' lang='lat' dir='ltr'>cardinatis</span> <span class='ocrx_word' id='word_1_335' title='bbox 1230 4167 1367 4233; x_wconf 80' lang='lat' dir='ltr'>episcopus</span> 
     </span>
     <span class='ocr_line' id='line_1_43' title="bbox 249 4237 1366 4305; baseline 0 -15"><span class='ocrx_word' id='word_1_336' title='bbox 249 4237 408 4290; x_wconf 77' lang='lat' dir='ltr'>Albaiiciisis</span> <span class='ocrx_word' id='word_1_337' title='bbox 426 4238 462 4287; x_wconf 85' lang='lat' dir='ltr'>ad</span> <span class='ocrx_word' id='word_1_338' title='bbox 479 4253 580 4287; x_wconf 82' lang='lat' dir='ltr'>crucem</span> <span class='ocrx_word' id='word_1_339' title='bbox 594 4238 808 4304; x_wconf 80' lang='lat' dir='ltr'>praedicandam</span> <span class='ocrx_word' id='word_1_340' title='bbox 826 4241 928 4305; x_wconf 65' lang='lat' dir='ltr'>leuatus</span> <span class='ocrx_word' id='word_1_341' title='bbox 946 4240 1105 4305; x_wconf 80' lang='lat' dir='ltr'>apostolicus</span> <span class='ocrx_word' id='word_1_342' title='bbox 1123 4241 1222 4291; x_wconf 77' lang='lat' dir='ltr'>missus</span> <span class='ocrx_word' id='word_1_343' title='bbox 1240 4244 1284 4291; x_wconf 83' lang='lat' dir='ltr'>cst.</span> <span class='ocrx_word' id='word_1_344' title='bbox 1323 4238 1366 4301; x_wconf 77' lang='lat' dir='ltr'>Cf.</span> 
     </span>
     <span class='ocr_line' id='line_1_44' title="bbox 250 4306 1365 4378; baseline -0.001 -19"><span class='ocrx_word' id='word_1_345' title='bbox 250 4309 409 4374; x_wconf 80' lang='lat' dir='ltr'>Cartiliieri,</span> <span class='ocrx_word' id='word_1_346' title='bbox 429 4306 550 4375; x_wconf 70' lang='lat' dir='ltr'>‘Philipp</span> <span class='ocrx_word' id='word_1_347' title='bbox 567 4309 607 4364; x_wconf 88' lang='grc' dir='ltr'>ΙΙ.</span> <span class='ocrx_word' id='word_1_348' title='bbox 626 4309 744 4373; x_wconf 73' lang='lat' dir='ltr'>Aupcst’</span> <span class='ocrx_word' id='word_1_349' title='bbox 762 4310 802 4376; x_wconf 84' lang='lat' dir='ltr'>II,</span> <span class='ocrx_word' id='word_1_350' title='bbox 824 4328 854 4377; x_wconf 82' lang='lat' dir='ltr'>p.</span> <span class='ocrx_word' id='word_1_351' title='bbox 873 4313 975 4377; x_wconf 81' lang='lat' dir='ltr'>48sqq.</span> <span class='ocrx_word' id='word_1_352' title='bbox 1063 4309 1090 4378; x_wconf 87' lang='grc'>3)</span> <span class='ocrx_word' id='word_1_353' title='bbox 1110 4311 1149 4363; x_wconf 88' lang='lat' dir='ltr'>Dc</span> <span class='ocrx_word' id='word_1_354' title='bbox 1167 4310 1218 4361; x_wconf 81' lang='lat' dir='ltr'>hac</span> <span class='ocrx_word' id='word_1_355' title='bbox 1237 4311 1314 4360; x_wconf 78' lang='lat' dir='ltr'>caria</span> <span class='ocrx_word' id='word_1_356' title='bbox 1332 4311 1365 4373; x_wconf 75' lang='lat' dir='ltr'>cf.</span> 
     </span>
     <span class='ocr_line' id='line_1_45' title="bbox 248 4379 1366 4448; baseline 0.003 -17"><span class='ocrx_word' id='word_1_357' title='bbox 248 4380 401 4431; x_wconf 70' lang='lat' dir='ltr'>Historiam</span> <span class='ocrx_word' id='word_1_358' title='bbox 414 4380 622 4445; x_wconf 61' lang='lat' dir='ltr'>Pereat-ineram</span> <span class='ocrx_word' id='word_1_359' title='bbox 635 4381 685 4445; x_wconf 76' lang='lat' dir='ltr'>(cit.</span> <span class='ocrx_word' id='word_1_360' title='bbox 697 4381 822 4432; x_wconf 69' lang='lat' dir='ltr'>danaim</span> <span class='ocrx_word' id='word_1_361' title='bbox 830 4411 841 4421; x_wconf 94' lang='lat'>-</span> <span class='ocrx_word' id='word_1_362' title='bbox 850 4383 981 4448; x_wconf 76' lang='lat' dir='ltr'>Bcsnapc,</span> <span class='ocrx_word' id='word_1_363' title='bbox 991 4382 1122 4434; x_wconf 80' lang='lat' dir='ltr'>Lectiones</span> <span class='ocrx_word' id='word_1_364' title='bbox 1135 4383 1260 4447; x_wconf 77' lang='lat' dir='ltr'>antiquae</span> <span class='ocrx_word' id='word_1_365' title='bbox 1274 4379 1366 4447; x_wconf 82' lang='lat'>111,2,</span> 
     </span>
     <span class='ocr_line' id='line_1_46' title="bbox 245 4451 1412 4520; baseline -0.001 -14"><span class='ocrx_word' id='word_1_366' title='bbox 245 4468 274 4518; x_wconf 76' lang='lat' dir='ltr'>p.</span> <span class='ocrx_word' id='word_1_367' title='bbox 294 4452 360 4511; x_wconf 80' lang='lat'>502)</span> <span class='ocrx_word' id='word_1_368' title='bbox 378 4457 401 4503; x_wconf 84' lang='lat' dir='ltr'>et</span> <span class='ocrx_word' id='word_1_369' title='bbox 419 4451 581 4504; x_wconf 67' lang='lat' dir='ltr'>Atrebatum</span> <span class='ocrx_word' id='word_1_370' title='bbox 600 4452 709 4518; x_wconf 81' lang='lat' dir='ltr'>(Fontes</span> <span class='ocrx_word' id='word_1_371' title='bbox 726 4467 818 4504; x_wconf 72' lang='lat' dir='ltr'>rerum</span> <span class='ocrx_word' id='word_1_372' title='bbox 836 4454 1055 4518; x_wconf 78' lang='lat' dir='ltr'>Austriocarum,</span> <span class='ocrx_word' id='word_1_373' title='bbox 1074 4453 1121 4506; x_wconf 82' lang='lat' dir='ltr'>SS.</span> <span class='ocrx_word' id='word_1_374' title='bbox 1139 4453 1170 4518; x_wconf 85' lang='lat' dir='ltr'>V,</span> <span class='ocrx_word' id='word_1_375' title='bbox 1191 4469 1219 4520; x_wconf 79' lang='lat' dir='ltr'>p.</span> <span class='ocrx_word' id='word_1_376' title='bbox 1241 4453 1294 4518; x_wconf 78' lang='lat'>12).</span> <span class='ocrx_word' id='word_1_377' title='bbox 1386 4459 1412 4500; x_wconf 75' lang='lat'>45</span> 
     </span>
    </p>
   </div>
   <div class='ocr_carea' id='block_1_5' title="bbox 0 0 1499 4950">
    <p class='ocr_par' dir='ltr' id='par_1_7' title="bbox 0 0 1499 4950">
     <span class='ocr_line' id='line_1_47' title="bbox 0 0 1499 4950; baseline 0 0"><span class='ocrx_word' id='word_1_378' title='bbox 0 0 1499 4950; x_wconf 95' lang='lat' dir='ltr'> </span> 
     </span>
    </p>
   </div>
  </div>
 </body>
</html>
