2970 4950
177 406 229 460 120
518 400 647 456 NOTAE
666 399 946 459 ALTORFENSES.

177 581 310 649 collectis
332 589 362 648 et
383 582 477 649 editis
499 582 541 646 A.
567 583 692 648 Sclmlte
714 585 752 648 dc
774 582 1047 666 iistarioprapltia
1062 582 1293 665 Arpentinensc

177 671 289 754 optime
318 671 441 737 mernit.
488 672 599 753 Nepae
624 671 709 736 enim
736 672 866 737 datiam
895 678 948 752 est,
972 671 1051 754 pain
1080 673 1216 736 annales
1245 671 1293 735 ita

177 758 313 826 restituti
341 759 378 823 in
401 759 513 842 priore
542 781 602 826 sno
625 765 720 841 parte
743 759 887 842 proximi
916 760 982 825 sint
1003 759 1189 826 Annolibns
1211 760 1291 843 Arp.

177 847 363 928 minoribns,
389 848 444 930 qni
466 848 592 930 atrione
614 847 709 914 seriei
732 847 847 914 codicis
869 849 1062 914 Ellcnliardi
1084 849 1293 929 fandomcnto

177 943 278 1004 mont.
325 937 440 1020 Itoqne
473 958 542 1002 cam
574 939 665 1002 modo
699 939 744 1002 ad
775 937 922 1002 Annales
950 937 1091 1019 priores,
1127 939 1217 1003 modo
1252 940 1327 1002 ads

171 1025 363 1108 posteriores
380 1024 516 1108 propias
538 1028 696 1105 accedant,
721 1025 868 1091 Annales
885 1026 1025 1092 minores
1042 1026 1128 1108 ipsos
1145 1026 1182 1090 22
1199 1027 1295 1091 Notis

178 1113 340 1180 historicis
360 1113 599 1194 Altorfensibns
627 1114 800 1198 exscriptos
822 1136 887 1180 esse
916 1136 1004 1180 nenio
1034 1137 1099 1180 non
1129 1114 1293 1196 perspicit.

178 1205 224 1269 Et
244 1223 341 1286 nsqne
363 1205 408 1268 ad
425 1225 454 1268 2.
476 1209 570 1266 1233.
586 1202 711 1284 qnidam
735 1224 804 1268 cam
826 1202 959 1285 rollonis
972 1203 1158 1269 Annalilns
1173 1204 1295 1287 Arpan-

179 1291 355 1358 tinensilms
383 1293 428 1356 od
455 1291 582 1355 verbnm
611 1291 679 1370 fere
703 1294 912 1372 concordant,·
940 1291 1016 1356 inde
1038 1313 1111 1356 oero
1133 1313 1230 1374 nsqne
1253 1293 1297 1357 ad

179 1404 210 1445 a.
238 1387 333 1445 1262.
357 1378 481 1460 addito,
512 1399 592 1460 onae
614 1381 718 1445 eodem
740 1380 869 1463 inpcnio
892 1379 1013 1464 scripto
1035 1401 1131 1462 aeone
1160 1402 1211 1445 res
1234 1382 1295 1445 Ar·
1313 1407 1338 1444 ιο

177 1469 377 1552 pentinenses
405 1474 539 1533 tractent
568 1489 606 1533 oc
629 1468 778 1551 partibas
806 1468 942 1551 episcopi
965 1470 1105 1550 foveant,
1137 1469 1246 1534 omnia
1276 1492 1296 1534 2

181 1556 344 1624 corronicis
372 1556 619 1639 Arpentinensis
652 1556 798 1622 ecclesiae
832 1557 1009 1639 conscripta
1040 1579 1105 1623 esse
1139 1557 1295 1638 oidentnr,

181 1644 236 1728 qni
253 1666 305 1710 res
322 1665 379 1710 sao
394 1651 527 1727 tempore
540 1651 645 1727 postas
664 1645 832 1710 memoriae
847 1647 1023 1712 tradebant.
1069 1647 1111 1713 Ut
1131 1647 1168 1711 22
1185 1650 1297 1729 priore

181 1732 362 1799 Annalium
382 1740 489 1818 porte,
518 1733 570 1799 liic
592 1755 711 1816 222222
733 1734 874 1800 diversos
901 1742 1042 1800 onctorcs
1072 1736 1211 1801 laborem
1233 1757 1298 1801 323-

182 1821 298 1904 cepisse
319 1821 491 1888 oerisimile
513 1829 566 1905 est,
590 1825 646 1888 sed
659 1844 740 1905 onoc
756 1823 866 1905 calone
889 1824 1012 1889 anctori
1034 1824 1205 1890 tribnendo
1222 1825 1296 1904 sint,
1317 1848 1341 1888 2

181 1932 298 1993 222222
320 1911 432 1977 dicere.

290 2001 376 2066 Sanc
392 2000 517 2066 Scdnlte
535 2000 663 2081 erravit,
688 2001 743 2082 qni
760 2001 856 2068 Notis
873 2001 1033 2067 historicis
1051 2003 1170 2067 soecali
1185 2002 1298 2067 decimi

183 2089 269 2154 tertii
287 2089 345 2154 illo
360 2109 441 2170 2222
463 2090 508 2153 22
529 2090 755 2155 monasterinm
769 2090 953 2169 Altorfensc
971 2096 1110 2172 spectant
1131 2090 1267 2155 inserait
1276 2093 1297 2151 1.

183 2179 255 2244 Isto
284 2177 368 2243 enim
396 2199 569 2259 nnmqnom
598 2180 643 2242 od
666 2178 813 2243 Annales
837 2179 1040 2260 pcrtinnissc,
1071 2181 1127 2244 sed
1155 2200 1194 2244 en
1223 2179 1299 2244 aliis

183 2266 267 2332 notis
292 2265 520 2350 Tloonatolopii
542 2266 666 2332 obbatis
694 2267 836 2333 Conradi
862 2289 883 2331 a
905 2268 945 2332 P.
966 2267 1115 2333 Amando
1138 2268 1342 2352 descriptam

183 2376 248 2421 esse
262 2354 359 2434 focile
380 2354 545 2437 intellipes,
569 2355 598 2420 si
620 2356 804 2421 addimento
827 2358 931 2421 eodem
954 2363 1129 2421 atramento
1148 2356 1299 2423 distincto

178 2443 398 2526 perlustratis,
429 2465 509 2525 qnae
539 2446 583 2510 od
603 2443 771 2509 historiam
800 2466 879 2510 saec.
910 2445 989 2510 XV.
1017 2451 1047 2509 et
1070 2444 1172 2510 XVI.
1203 2445 1299 2527 respi-
1336 2451 1338 2456 ’

184 2532 279 2612 cinnt,
309 2531 365 2596 nbi
394 2538 526 2614 apparet
555 2539 712 2598 anctorcm
735 2554 773 2598 cn
796 2533 877 2598 libro
904 2533 1069 2598 oetnstimn
1095 2540 1125 2597 et
1146 2532 1300 2599 historica

184 2626 214 2685 et
234 2618 430 2702 necrolopico
452 2622 605 2686 adnotata
622 2621 807 2703 promiscno
822 2627 922 2703 pront
943 2621 1071 2686 libaerit
1085 2622 1298 2706 descripsisse,

184 2729 264 2790 onae
287 2710 332 2773 od
353 2710 473 2772 cosdem
495 2709 641 2775 Annales
664 2711 785 2791 referre
807 2709 938 2775 minime
961 2709 1042 2775 licet.
1318 2735 1344 2775 25

296 2797 383 2877 Qnoe
413 2817 481 2861 cam
512 2796 559 2861 ito
587 2797 661 2880 sint,
692 2820 731 2864 nc
760 2798 832 2880 onis
865 2798 1007 2880 miretar,
1037 2801 1121 2880 qnod
1149 2805 1179 2864 et
1207 2807 1300 2865 notoe

185 2907 216 2952 2.
243 2891 338 2949 1334.
365 2891 459 2967 1356,
487 2886 583 2950 mnlto
607 2893 680 2968 past
701 2886 832 2971 priores
854 2887 998 2969 scriptae,
1023 2909 1092 2953 cnm
1115 2888 1301 2969 oeqnolilms

185 2972 268 3040 notis
290 2973 578 3057 Arpentinensibns
600 2978 787 3041 concordent
798 2978 819 3039 ².
859 2976 942 3042 Inde
963 2982 1053 3058 patet
1073 2977 1220 3041 Annales
1238 2977 1301 3042 Ar-

183 3061 383 3146 pentincnscs
411 3062 549 3128 minores
578 3085 647 3129 cam
676 3064 846 3147 appendice
871 3066 1009 3146 anadam
1038 3065 1206 3130 annolinm
1235 3087 1302 3130 non

178 3151 276 3235 prins
305 3171 401 3232 qnam
427 3158 501 3234 post
528 3153 665 3218 medinm
693 3155 851 3219 soecalnm
876 3154 978 3219 XIV.
1008 3153 1045 3218 in
1074 3154 1302 3218 monasterinm
1321 3179 1346 3218 ³0

185 3240 368 3319 Altorfensc
397 3239 480 3305 inter
502 3241 715 3323 Arpentinom
745 3249 773 3307 et
798 3241 969 3308 Molslreim
998 3241 1093 3307 sitam
1122 3243 1236 3307 allatos
1265 3242 1302 3307 in

186 3329 320 3396 codicem
358 3328 501 3396 Oonrodi
535 3330 659 3395 obbatis
692 3330 917 3413 transscrrptos
951 3353 1024 3396 esse.
1085 3331 1197 3397 Utram
1234 3331 1303 3396 lom

186 3419 347 3501 enemplor
364 3417 401 3484 in
421 3418 647 3483 monasteriam
664 3418 846 3499 Altorfense
867 3420 1005 3486 delotnm
1027 3419 1171 3484 matilam
1192 3420 1301 3500 faerit,

187 3529 231 3573 on
261 3506 300 3571 P.
323 3507 495 3572 Amandas
521 3509 622 3572 Trens
651 3510 696 3573 od
724 3507 894 3572 arbitrinm
924 3530 1015 3573 snnm
1044 3507 1113 3573 olio
1142 3508 1301 3590 receperit,

187 3595 256 3661 olio
278 3595 426 3678 omiserit,
450 3595 487 3661 in
509 3595 610 3661 medio
633 3595 851 3678 relinonimns.
1322 3622 1348 3662 2

31 3731 178 3834 212222
277 3756 411 3820 *11323
438 3758 540 3821 Anno
566 3761 661 3820 1132.
698 3756 885 3822 Combusta
908 3760 960 3822 est
983 3751 1224 3822 Rodesheimb.

49 3838 150 3880 ΜΕ
279 3850 374 3908 1142.
388 3845 1303 3930 CombustaestecclesiocathedralisArgentinensis0.

188 4033 210 4084 a)
224 4034 255 4071 lto
269 4045 286 4072 c.
315 4033 424 4073 Antmcdlt
441 4035 497 4074 lineo
510 4037 648 4084 praecedenti
666 4037 736 4076 codem
754 4040 873 4075 atramento
891 4037 1008 4084 scriptum:
1026 4037 1069 4076 ch
1088 4037 1156 4077 obbas
1171 4038 1230 4085 [scil.
1244 4037 1304 4088 Otto]

188 4085 244 4124 obiit
259 4087 293 4126 18.
309 4085 399 4126 calend.
416 4087 494 4128 Octob.
549 4087 572 4139 b)
586 4087 720 4130 Bodeshsim
736 4102 754 4129 c.
810 4090 830 4139 c)
846 4091 874 4137 cf.
890 4091 949 4138 apud
963 4090 1103 4139 Grondtdter,
1118 4091 1222 4129 ‘Histoire
1238 4088 1305 4130 oul-

188 4136 244 4178 soce'
254 4139 289 4188 ΙΙ,
304 4151 329 4187 p.
341 4140 439 4190 LXVII,
453 4153 474 4183 n.
488 4153 510 4180 m
525 4142 675 4192 Necroloplum
689 4143 785 4182 attactae
798 4144 880 4191 Altors.
895 4144 936 4190 fol.
949 4143 986 4183 tl:
1003 4144 1068 4182 Anno
1078 4144 1137 4187 1140.
1161 4142 1306 4183 Combustum
1323 4142 1352 4180 40

190 4198 224 4232 est
237 4193 398 4232 Monostorlum
412 4195 436 4233 ln
449 4194 582 4244 Argentini.

190 4317 217 4384 1)
232 4317 275 4381 Of·
293 4318 373 4381 infra
387 4335 416 4386 p.
431 4320 490 4385 122,
509 4335 535 4374 n.
553 4335 568 4371 a
586 4320 623 4370 od
640 4322 757 4376 21254,
777 4325 843 4388 etp.
858 4323 918 4387 123,
937 4337 963 4375 n.
977 4319 993 4352 *
1011 4321 1048 4371 22
1065 4337 1091 4376 o.
1106 4323 1184 4377 1280.
1198 4326 1221 4372 ct
1236 4337 1305 4373 com-

189 4389 350 4440 mentorium
369 4389 385 4445 l.
404 4405 425 4444 c.
503 4390 530 4459 2)
551 4390 594 4455 Cf.
612 4392 691 4455 infra
704 4408 734 4458 p.
749 4394 809 4458 123,
827 4408 854 4447 n.
876 4394 899 4447 l.
913 4394 937 4446 2.
