2970 4950
169 436 207 492 18
487 428 667 484 manns
685 427 976 487 massanissa.

71 620 263 681 1191111111.
316 613 417 679 Unde
447 612 553 679 etiam
581 612 655 696 ipse
684 611 858 677 remissius
893 632 996 694 quam
1030 612 1126 696 prius
1160 613 1205 680 de
1239 635 1295 682 cx·

170 703 347 789 peditione
370 701 463 786 oepit
485 703 647 766 tractare.

81 799 161 856 1196.
277 791 409 856 Eodem
432 810 524 855 anno
548 789 740 854 Hamideus
764 808 876 854 comes
900 789 943 855 de
959 789 1080 855 Monte
1103 789 1293 875 Biligardis

170 881 303 947 occisus
326 883 379 945 est
402 878 445 944 ab
470 877 601 944 Ottone
623 877 732 943 fratre
755 877 973 961 imperatoris
984 877 1005 940 1.

82 976 161 1032 1196.
277 969 381 1032 Anno
405 966 546 1032 Domini
569 964 762 1030 MOXCVI.
796 965 991 1050 Imperator
1012 966 1137 1032 habuit
1160 968 1325 1033 curiams

21 1081 118 1124 aum.
126 1080 160 1122 11.
171 1057 373 1141 Herbipolis
397 1057 487 1121 circa
511 1055 659 1120 mediam
683 1055 990 1138 quadragesimam,
1013 1055 1050 1120 in
1067 1076 1136 1139 qua
1150 1055 1292 1140 plurimi

172 1148 309 1231 signum
333 1145 504 1210 dominice
528 1144 639 1209 crucis
654 1146 872 1227 acceperunt.
907 1144 963 1208 Ad
979 1144 1123 1211 eandem
1140 1146 1292 1210 curiam²

170 1236 360 1319 imperator
382 1254 510 1298 novum
532 1235 568 1297 et
590 1232 787 1295 inauditum
811 1232 987 1297 decretum
1003 1232 1160 1298 Romano
1183 1254 1292 1318 regno

171 1323 284 1390 voluit
318 1341 396 1386 cum
435 1320 648 1405 principibus
687 1321 905 1399 confirmare,
943 1324 985 1385 ut
1021 1321 1060 1385 in
1096 1321 1293 1387 Romanum

171 1431 328 1496 regnum,
352 1410 442 1475 sicut
464 1409 502 1473 in
517 1409 683 1473 Francic⁸
701 1407 757 1473 vel
781 1409 904 1474 ceteris
927 1409 1052 1494 regnis,
1068 1410 1144 1476 iure
1160 1411 1291 1478 heredi·
1310 1434 1337 1474 11

172 1499 262 1564 tario
285 1518 384 1583 reges
407 1497 473 1562 sibi
489 1497 728 1575 succederent;
748 1498 785 1560 in
800 1519 869 1580 quo
885 1499 1057 1583 principes
1072 1499 1131 1582 qui
1148 1499 1292 1565 aderant

174 1607 349 1652 assensum
373 1586 406 1651 ei
428 1586 640 1669 prebuerunt
664 1590 700 1652 91
723 1585 847 1670 sigillis
871 1587 941 1651 suis
969 1588 1291 1654 confirmaverunt⁸.

40 1701 120 1742 erun.
128 1701 163 1740 11.
281 1675 362 1759 Ipso
392 1696 483 1740 anno
513 1675 700 1758 imperator
727 1675 819 1740 circa
847 1675 977 1741 festum
1008 1674 1102 1741 beati
1125 1675 1293 1742 Iohannis

174 1764 325 1849 baptiste
359 1784 437 1829 cum
472 1764 591 1847 paucis
620 1764 658 1826 in
687 1762 851 1847 Apuliam
880 1763 948 1830 iter
982 1764 1164 1848 arripuit⁴;
1200 1766 1292 1831 unde

173 1854 278 1920 ctiam
301 1854 338 1916 in
360 1853 481 1917 Ytalia
510 1873 673 1935 magnum
704 1853 757 1916 est
786 1871 906 1936 passus
936 1856 1185 1937 contemptum.
1237 1853 1338 1918 111-11

172 1943 275 2008 terim
299 1941 410 2005 missis
432 1941 557 2024 legatis
580 1941 661 2017 suis,
684 1941 872 2024 imperator
893 1942 986 2025 cepit
1008 1963 1088 2007 cum
1102 1942 1293 2026 apostolico

175 2031 218 2097 de
242 2031 425 2095 concordia
448 2049 550 2113 agere
573 2028 701 2106 volens,
726 2029 818 2112 quod
842 2029 951 2094 filium
976 2050 1077 2095 suum
1100 2030 1293 2115 baptizaret

174 2155 218 2164 —
241 2120 395 2183 nondum
419 2119 511 2184 enim
534 2118 729 2201 baptizatus
757 2122 832 2182 erat
853 2153 898 2162 —
921 2122 958 2184 et
987 2118 1079 2202 quod
1108 2119 1146 2183 in
1174 2139 1293 2203 regem

173 2210 322 2293 ungeret
333 2206 354 2270 ⁵.
408 2206 509 2286 Quod
540 2206 569 2271 si
597 2207 748 2284 fecisset,
780 2227 916 2273 crucem
946 2207 990 2272 ab
1021 2227 1061 2273 eo
1091 2211 1221 2292 aperte,
1252 2211 1293 2273 ut

175 2297 375 2381 putabatur,
400 2296 597 2379 accepisset.
644 2295 726 2378 Ipso
753 2298 907 2379 tempore
937 2295 1047 2362 frater
1075 2297 1293 2380 imperatoris
1311 2319 1340 2358 so

44 2407 113 2458 (111.
121 2409 165 2457 a).
177 2385 368 2461 Onnradus,
400 2385 470 2448 dux
499 2384 632 2461 Saevie,
663 2383 767 2461 obiit;
799 2388 835 2449 91
864 2384 1047 2469 Philippus
1075 2384 1186 2452 frater
1220 2386 1294 2452 eiua

176 2473 342 2538 ducatum
366 2473 509 2556 accepit.
549 2473 674 2554 ltaque
697 2473 905 2557 imperatore
921 2474 1014 2557 apud
1030 2473 1150 2539 urbem
1166 2474 1294 2558 Tybur·

86 2563 284 2634 (1111111111
309 2581 370 2645 per
393 2565 463 2625 tres
487 2561 696 2625 ebdomadas
719 2565 933 2646 expectante,
957 2562 1070 2627 missis
1085 2563 1129 2627 ab
1144 2564 1293 2647 utraque

175 2652 275 2733 parte
307 2649 421 2731 sepius
454 2649 589 2713 nunciis
620 2653 655 2714 et
685 2649 875 2733 apostolico
905 2650 948 2716 ab
978 2651 1186 2736 imperatore
1220 2671 1293 2736 pre·

175 2738 275 2801 ciosis
298 2737 408 2801 xeniis
430 2738 649 2816 transmissis,
674 2742 709 2802 et
733 2759 812 2802 cum
826 2759 890 2816 res,
907 2742 948 2803 ut
968 2740 1155 2824 imperator
1169 2739 1291 2817 voluit,
1310 2759 1340 2801 ss

175 2825 339 2891 effectum
362 2825 489 2890 habere
505 2847 574 2890 non
591 2828 716 2909 potuit,
733 2828 801 2892 iter
817 2849 894 2893 cum
911 2849 1036 2913 magna
1051 2829 1293 2914 indignatione

90 2938 165 2988 (1111.)
174 2933 292 2979 versus
316 2914 477 2999 Syciliam
500 2915 640 2979 movim.

173 3071 196 3123 a)
210 3071 242 3109 ita
255 3082 273 3110 c.

173 3197 309 3261 respicere.
352 3194 439 3245 11111119
464 3209 531 3260 quae
554 3208 641 3259 supra
666 3199 823 3245 narrantur
846 3195 942 3261 optimc
967 3197 1106 3248 concentui
1128 3195 1294 3262 Erfcrdensi

173 3271 302 3318 autumno
327 3282 353 3318 a.
373 3266 451 3320 1196.
477 3263 568 3316 habito
587 3265 751 3329 concesium,
769 3265 817 3316 ubi
839 3281 897 3332 spes
921 3267 1095 3332 imperatoris
1119 3267 1156 3318 aei
1180 3269 1294 3319 irritum
1311 3279 1340 3319 1ο

173 3338 283 3388 redacta
308 3343 362 3396 eat,·
386 3338 419 3400 cf.
447 3335 586 3387 Granicum
608 3335 941 3389 lieinhcrdsbrumremem
964 3337 1028 3402 (SS.
1053 3337 1146 3403 XXX,
1168 3355 1198 3405 p.
1218 3340 1293 3405 557).

175 3408 201 3473 1)
226 3407 322 3459 Gemite
344 3408 470 3472 palatino
488 3405 673 3471 Burpundiae.
781 3406 809 3475 2)
835 3407 924 3459 Errat
941 3413 1040 3473 noster,
1061 3423 1120 3460 cum
1138 3409 1194 3460 iam
1213 3415 1294 3461 amma

178 3475 342 3530 Wcrmatiae
359 3479 390 3530 de
408 3478 494 3529 eodem
512 3479 612 3528 moreto
629 3481 776 3528 tractatum
793 3481 846 3540 sit;
870 3479 904 3543 cf.
927 3495 957 3544 p.
976 3480 1019 3548 67,
1041 3495 1069 3532 n.
1090 3481 1131 3534 11
1203 3479 1231 3548 3)
1251 3480 1293 3544 Of.

173 3548 315 3601 Orcniecm
327 3548 659 3601 Reimhardsbrmnnensem
677 3547 739 3612 (SS.
752 3548 845 3609 XXX,
859 3565 890 3615 p.
903 3551 977 3612 656).
1042 3550 1071 3616 4)
1086 3550 1240 3616 Imperator
1251 3551 1294 3603 die

172 3621 216 3674 26.
234 3620 312 3671 Iunii
335 3621 365 3670 ia
382 3619 504 3671 Alsatice
528 3620 669 3683 inferioris
694 3620 790 3685 oppido
808 3618 954 3672 Ehentcim
978 3624 1116 3687 superiore
1132 3622 1202 3673 (11119
1224 3637 1293 3673 11111-
1311 3631 1341 3671 so

173 3697 296 3743 moratus
314 3695 351 3741 est
369 3690 416 3755 (cf.
436 3688 554 3757 Stampf,
574 3689 807 3742 ‘Reichskaneier’
825 3690 889 3757 Rep.
908 3693 979 3747 5009
991 3694 1068 3759 sqq).
1147 3693 1174 3758 6)
1194 3691 1293 3744 Eodem

174 3767 289 3827 tempere
306 3760 451 3811 Heinricus
469 3776 527 3812 eum
541 3761 715 3827 principibus
729 3761 890 3813 Germaniae
904 3778 956 3829 per
974 3763 1074 3829 lepatos
1091 3762 1244 3826 Erfordias
1261 3762 1292 3813 de

172 3831 230 3896 filio
248 3833 278 3882 in
296 3847 383 3896 repom
403 3829 563 3882 Germanice
581 3831 705 3897 elipando,
725 3846 784 3883 cum
803 3831 946 3885 Ocelestinc
960 3849 1038 3900 pope
1056 3836 1112 3900 ipm
1129 3835 1160 3884 in
1177 3833 1294 3897 confinio

172 3902 275 3953 Romae
287 3902 319 3952 de
332 3902 452 3952 uictima
464 3903 521 3952 eius
537 3904 670 3956 tractarit.
703 3902 808 3968 Tceche,
822 3903 963 3955 ‘Heinrich
975 3905 1031 3960 VJ!
1039 3921 1070 3970 p.
1082 3906 1135 3959 436
1151 3908 1175 3956 et
1186 3904 1293 3969 Haurit,

173 3969 458 4037 ‘Kirciienpeschichte’
477 3971 529 4037 IV,
551 3987 581 4037 p.
601 3975 662 4038 678,
687 3989 741 4026 non
758 3978 825 4026 reete
843 3975 874 4026 de
891 3975 949 4040 sitio
971 3977 1002 4027 in
1025 3991 1112 4041 reqem
1132 3975 1342 4027 Germaniano

172 4043 295 4107 unperido
313 4043 510 4106 remisserunt·
534 4043 608 4109 apud
633 4059 673 4095 me
690 4050 792 4096 canstat
809 4044 969 4098 Heinriciim
986 4047 1016 4097 id
1039 4046 1126 4098 scium
1150 4047 1293 4112 studuisse,

171 4118 203 4164 ut
228 4112 387 4163 Friderieus
412 4128 483 4179 puer
511 4128 529 4163 a
553 4129 631 4181 papa
658 4117 688 4166 in
714 4117 900 4184 imperatorem
926 4123 1072 4183 ungeretur
1097 4117 1147 4181 (cf.
1174 4116 1294 4168 Winkcl-

172 4199 266 4247 mamm,
285 4183 405 4250 ‘Philipp
422 4199 473 4235 corr
491 4183 643 4237 Schwabem’
655 4203 685 4253 p.
699 4190 738 4254 5).
820 4186 848 4256 6)
866 4187 992 4240 Heinrici
1007 4189 1156 4256 diplomata
1173 4189 1293 4255 impera·

172 4261 256 4307 teram
273 4253 317 4305 die
334 4257 359 4309 3.
378 4253 534 4306 Novembris
552 4255 657 4323 Spoleti,
678 4259 720 4310 die
744 4260 786 4314 16.
807 4259 912 4324 Tiburi,
934 4260 977 4311 die
994 4261 1038 4315 27.
1056 4259 1232 4326 Palestrinae,
1250 4259 1294 4310 die

171 4329 197 4380 2.
211 4324 361 4377 Decembris
372 4324 512 4378 Ferentini
529 4328 560 4378 im
577 4328 700 4392 confiniis
711 4329 812 4382 Romae
825 4330 951 4396 (ttumpf
962 4330 979 4385 i.
992 4344 1012 4385 c.
1026 4330 1088 4394 Req.
1102 4330 1293 4391 acea-5052)
1311 4337 1343 4378 4⁶

171 4402 306 4448 inoratam
324 4412 377 4449 esse
394 4397 584 4453 demonstrant.
621 4399 672 4451 Die
690 4401 732 4456 18.
751 4401 902 4455 Decembris
921 4400 1029 4468 Capuae
1045 4405 1114 4457 erat.
