2970 4950
234 432 270 487 aa
550 429 732 489 mucuns
749 427 1041 486 mercenses.
1091 390 1094 396 ’

143 610 224 673 uer.
234 613 569 698 archiepiscoporum
600 611 837 678 Coloniensis1
867 616 903 677 et
927 612 1145 677 Treverensis
1155 612 1176 689 ²,
1208 632 1355 694 quorum

233 701 337 766 unius
370 703 455 767 iuris
488 706 541 768 est
576 721 692 786 regem
724 701 901 784 inungere,
935 701 1078 766 alterius
1110 721 1201 780 vero,
1232 701 1270 765 id
1302 705 1355 766 est

233 790 460 868 Treverensis,
485 812 563 856 eum
587 791 796 874 Aquisgrani
819 790 856 853 in
880 790 995 855 sedem
1018 789 1118 874 regni
1140 788 1286 865 locare⁸,
1311 790 1356 854 ad

233 879 326 964 ipsos
360 881 566 963 quantocius
600 879 791 944 festinavit.
849 879 904 942 Ad
939 899 1024 960 quos
1059 898 1138 942 cum
1171 879 1323 944 venisset
1331 878 1354 954 ⁴,

96 988 173 1036 (nae.
182 989 223 1038 a.)
232 969 418 1033 terminum
443 970 479 1032 in
503 969 617 1035 media
639 966 924 1050 quadragesima⁵
946 966 1089 1031 Oolonie
1120 967 1162 1032 de
1193 967 1385 1050 eligendos

232 1075 314 1142 rege
330 1059 586 1122 constituerunt
601 1056 827 1142 postulantes,
845 1056 937 1139 quod
951 1054 1155 1120 Bertoldum
1171 1055 1296 1120 ducem
1312 1056 1354 1120 de

233 1145 414 1229 Zeiringen
457 1145 721 1230 Argentinensis
767 1145 947 1228 episcopus
993 1164 1109 1208 aecum
1155 1143 1353 1210 adduceret.

233 1233 323 1297 Nam
346 1255 408 1319 per
429 1235 559 1298 famam
582 1235 650 1298 iam
675 1234 718 1298 de
742 1253 781 1297 eo
798 1233 1016 1316 divulgatum
1033 1236 1116 1311 erat,
1134 1232 1226 1316 quod
1241 1233 1355 1317 ipsum

233 1321 340 1387 vellet
363 1322 502 1406 eligere.

343 1411 409 1476 Die
432 1411 541 1494 igitur
570 1413 703 1475 statuto
727 1409 870 1474 Colonia
901 1410 1144 1474 convenientes
1173 1409 1355 1475 inferiores
1373 1429 1397 1469 lo

233 1499 406 1583 principes
441 1500 633 1583 predictum
669 1501 791 1563 ducem
825 1499 860 1562 in
896 1519 1010 1584 regem
1043 1498 1223 1582 elegerunt
1233 1498 1254 1576 ⁶,
1289 1497 1355 1562 tali

233 1587 432 1653 conditione
463 1588 608 1665 adiecta,
640 1588 731 1672 quod
762 1587 906 1672 prefatis
936 1586 1224 1671 archiepiscopis⁸
1258 1586 1354 1652 mille

233 1679 270 1741 et
293 1675 384 1741 Deo
412 1697 544 1742 marcas
574 1678 710 1759 argenti
740 1677 822 1740 dare
853 1677 1005 1741 deberet.
1060 1675 1161 1755 Quod
1192 1695 1270 1740 cum
1301 1676 1354 1740 illi

233 1765 382 1830 relatum
413 1770 512 1844 esset,
543 1766 714 1831 recusavit
744 1785 889 1848 regnum
921 1765 1076 1849 accipere
1106 1766 1142 1829 et
1172 1764 1353 1848 pecuniam

234 1855 325 1930 dare,
361 1854 478 1919 dicens
513 1875 548 1919 se
578 1853 672 1918 nolle
702 1875 847 1938 regnum
878 1855 993 1938 precio
1024 1874 1147 1918 emere.
1199 1852 1353 1918 Tandem
1372 1873 1415 1916 rs.

233 1943 392 2026 precibus
416 1963 556 2007 suorum
573 1947 609 2007 et
626 1943 787 2026 precipue
804 1943 904 2006 minis
921 1942 1186 2026 Argentinensis
1202 1942 1354 2026 episcopi

144 2066 147 2070 ·
233 2033 269 2097 et
299 2032 435 2097 comitis
466 2032 509 2097 de
539 2031 734 2114 Tagesburc
770 2030 936 2110 devictus,
972 2032 1064 2095 datis
1098 2029 1275 2095 obsidibus
1310 2033 1353 2096 de

232 2120 397 2186 solvenda
427 2121 590 2204 pecunia,
625 2120 783 2204 promisit
813 2139 849 2183 se
884 2123 978 2185 certo
1013 2121 1069 2184 die
1100 2122 1285 2184 venturum
1318 2122 1354 2184 et

232 2209 324 2292 quod
348 2211 552 2294 promiserat
574 2210 763 2274 facturum.
802 2209 928 2274 Postea
951 2209 1144 2292 penitentia
1168 2208 1292 2273 ductus
1309 2210 1353 2272 ad

233 2297 324 2363 diem
348 2301 519 2362 statutum
542 2319 614 2362 non
635 2298 731 2363 venit
741 2296 759 2374 ⁷,
786 2317 994 2380 cognoscens
1017 2298 1086 2361 iam
1111 2298 1233 2362 ducem
1258 2295 1352 2361 *Sue-
1371 2317 1398 2356 ro

232 2407 352 2451 vorum
376 2387 420 2450 ad
443 2387 541 2470 regni
572 2387 807 2470 gubernacula
838 2386 903 2449 sibi
934 2386 1154 2462 contrarium,
1186 2405 1350 2463 asserens,
1372 2371 1456 2421 '1¹¹⁶⁹·

232 2475 299 2538 nisi
322 2475 532 2540 unanimiter
562 2476 605 2539 ab
636 2474 794 2538 omnibus
825 2475 1037 2558 principibus
1067 2474 1225 2558 eligatur,
1257 2495 1352 2537 num·

231 2584 335 2647 qnam
359 2583 420 2646 per
443 2583 521 2627 eum
546 2564 668 2628 scisma
691 2565 727 2627 in
750 2583 856 2646 regno
874 2564 949 2627 fore
966 2563 1161 2627 oriundum.
1199 2563 1351 2628 Tandem

232 2651 466 2716 mediantibus
490 2652 649 2736 episcopo
674 2652 954 2717 Constantiensi⁸
977 2655 1012 2715 et
1040 2652 1165 2717 comite
1195 2651 1352 2735 palatino

232 2738 276 2803 de
310 2738 519 2822 Tirwingen⁹
557 2745 592 2805 et
631 2741 834 2824 quibusdam
874 2740 951 2804 aliis
986 2762 1061 2804 cum
1103 2741 1190 2804 duce
1229 2739 1352 2804 Suevie
1371 2759 1398 2800 as

232 2827 476 2893 reconciliatus
500 2831 553 2894 est
563 2828 598 2907 1⁰,
622 2830 800 2913 resignans
825 2828 1028 2894 electionem
1052 2829 1118 2893 sibi
1141 2829 1272 2892 factam
1286 2828 1352 2892 tali

232 2920 344 3000 pacto,
369 2917 461 2999 quod
491 2938 635 3001 regnum
667 2922 702 2983 et
732 2911 966 2982 advocatiamb
996 2917 1186 2982 Scafhtsen
1219 2917 1286 2981 sibi
1314 2918 1353 2980 in

135 1429 225 1508 (Mart).

231 3055 253 3106 a)
272 3053 336 3094 archi
350 3055 423 3093 eadem
436 3065 503 3093 manu
516 3065 625 3104 superaer.
693 3053 716 3104 b)
735 3055 798 3102 regni
812 3059 849 3093 aret
863 3055 961 3104 regalem
975 3053 1117 3094 advocatiam
1136 3055 1290 3094 ercensendam
1309 3065 1354 3094 ease

115 3109 117 3113 ’
227 3112 318 3157 praeter
330 3108 473 3147 manitatem
488 3108 567 3147 censuit
581 3107 736 3158 Wakelmann,
751 3109 848 3156 ‘Philipp
862 3119 902 3148 von
916 3106 1038 3148 Schwaben'
1048 3109 1119 3157 212,
1133 3120 1155 3147 n.
1165 3109 1186 3148 9.

232 3215 259 3282 1)
275 3213 365 3279 Adolfi
377 3215 408 3266 de
419 3213 534 3276 Altena,·
551 3215 582 3266 de
601 3230 652 3281 quo
669 3230 756 3280 nuper
767 3217 818 3280 epit
834 3213 1034 3279 Wolfscblliper,
1049 3213 1221 3276 ‘Eretischof
1229 3215 1320 3277 Adolf
1328 3215 1351 3269 Ι.
1371 3228 1398 3268 ao

230 3300 281 3338 oon
298 3286 372 3337 Ko'ln
391 3285 432 3337 ala
449 3286 535 3338 Furat
552 3288 610 3337 aad
627 3285 779 3340 Politiker'.
852 3286 880 3354 2)
907 3286 1046 3349 Iohannis,
1066 3288 1142 3337 cuius
1159 3288 1200 3336 rei
1222 3286 1353 3351 perendce

230 3359 349 3408 rationes
359 3356 490 3421 Rocbacb,
503 3358 562 3409 ‘Die
573 3357 766 3423 Beicbepolitile
778 3357 826 3408 der
839 3356 1009 3409 Trieriscben
1017 3354 1208 3420 Erabiechdfe'
1221 3358 1352 3424 exposuit.

231 3425 259 3496 3)
286 3427 330 3492 Cf.
357 3425 458 3480 Ottonis
478 3428 599 3494 Frisiay.
619 3426 747 3480 Chronici
768 3427 870 3481 Coctia.
889 3427 1076 3479 Sanblaeianc
1101 3442 1122 3482 c.
1141 3428 1177 3481 46
1202 3427 1264 3491 (SS.
1283 3426 1351 3494 XX,

225 3514 256 3565 p.
280 3499 362 3557 3291·
389 3513 405 3550 a
430 3494 587 3551 Coloniensi
614 3497 743 3566 episcopo
769 3500 934 3565 cooperante
959 3495 1135 3563 Treverensi‚
1163 3495 1210 3564 qui
1238 3495 1273 3550 ad
1297 3495 1353 3551 hoo

230 3567 386 3636 specialiter
393 3567 562 3638 privilegiati
571 3571 643 3635 sunt,
653 3569 681 3621 in
691 3584 784 3639 regem
797 3571 902 3623 unctus.
929 3569 970 3619 De
980 3572 1172 3636 praeroyctiee
1186 3569 1354 3621 Trevirensie
1371 3582 1399 3624 to

230 3639 425 3707 archispiscopi
434 3642 468 3705 cf.
481 3641 577 3707 Waitz,
588 3639 940 3706 ‘Vcrfacsuayeqeecbiebte’
955 3639 997 3690 VI
1001 3637 1019 3706 ²,
1035 3657 1063 3707 p.
1076 3642 1137 3694 211.
1203 3638 1232 3708 4)
1245 3639 1353 3691 Ander-

229 3725 328 3763 neeum
352 3726 425 3763 anno
451 3713 529 3767 1197.
555 3718 678 3772 executa·
703 3715 737 3777 cf.
756 3711 907 3778 Koippiw,
934 3711 1068 3776 ‘Reqeetere
1091 3712 1139 3764 der
1156 3710 1261 3762 Korne·
1278 3711 1352 3762 Ere·

230 3779 361 3846 biachdfe'
381 3781 422 3848 II,
449 3797 494 3837 mx
521 3783 598 3838 1532.
706 3781 734 3851 5)
765 3782 879 3848 Tempus
905 3782 987 3833 medii
1009 3783 1112 3846 ieiunii,
1137 3797 1223 3833 mense
1247 3780 1353 3834 Martio

229 3852 343 3917 ineunte,
359 3852 402 3905 hic
413 3853 592 3919 eiqcifieatuez
659 3854 686 3920 6)
702 3853 825 3906 Coloniae
843 3855 898 3903 iam
911 3868 964 3904 non
977 3853 1112 3904 sollemnis
1123 3853 1207 3905 electio
1219 3851 1352 3904 celebrata

229 3926 283 3988 θεὴ·
306 3922 353 3975 sed
373 3924 512 3990 principes
536 3921 662 3976 Bertolfo
688 3923 751 3976 duci
776 3921 892 3991 Gerugie
917 3921 1000 3975 fidem
1026 3922 1165 3989 fecerunt,
1194 3921 1268 3989 quod
1292 3921 1352 3990 ipae
1370 3938 1398 3977 ao

228 3991 381 4059 repatrians
407 3993 559 4047 exercitum
584 4009 677 4047 aecum
702 3993 816 4047 duceret
841 3999 868 4046 et
892 3996 995 4045 statuto
1021 3992 1072 4046 sibi
1098 3992 1142 4046 die
1161 3992 1352 4046 Antennacum

228 4060 340 4131 rediret,
359 4080 422 4117 eum
440 4063 480 4118 ibi
497 4066 604 4118 remota
622 4063 697 4117 omni
722 4062 893 4117 dubitatione
919 4079 1013 4132 regem
1038 4066 1163 4118 crearent
1180 4063 1274 4128 (Oron.
1294 4080 1350 4131 req.

230 4132 320 4189 Colore.
345 4135 382 4186 ad
402 4153 428 4191 a.
449 4137 526 4201 1198,
548 4137 587 4191 ed.
606 4135 695 4187 Wcitz
713 4152 743 4202 p.
765 4138 836 4195 163).
919 4136 945 4201 7)
971 4135 1125 4188 Anderneei
1142 4150 1228 4187 meroe
1246 4135 1351 4187 Martio

228 4211 338 4256 merente
352 4209 490 4275 principes
502 4207 676 4259 Baeticarum
694 4208 784 4259 dacem
801 4207 914 4270 frustra
925 4211 1154 4273 exspectarem&
1172 4209 1205 4271 ef.
1219 4207 1351 4258 Bohmer-

228 4275 333 4341 Fieker·‚
352 4277 415 4344 Rep.
434 4277 591 4345 imperiiV,
613 4280 760 4334 ar.198².
838 4279 867 4343 8)
888 4277 1034 4329 Dietbelmo
1050 4278 1082 4328 de
1099 4277 1297 4342 Mantineam
1315 4278 1350 4340 cf.
1370 4291 1398 4332 eo

228 4345 363 4413 Lacenae,
376 4350 510 4416 ‘Repeeten
522 4350 570 4402 der
581 4349 756 4402 Konstanzer·
767 4348 904 4413 Bisehb'fe’
916 4363 959 4402 nr.
974 4348 1052 4403 1152.
1116 4349 1143 4416 9)
1159 4347 1285 4412 liudolfo.
1310 4348 1350 4403 W.

230 4419 275 4485 10)
297 4417 338 4483 Os.
357 4417 457 4487 Heyelr,
477 4420 637 4473 ‘Geechichte
655 4421 702 4472 der
719 4419 840 4484 Herzope
858 4434 908 4472 oon
926 4416 1092 4484 Zdbrinycn'
1108 4436 1136 4486 p.
1154 4419 1215 4473 448.
1233 4419 1295 4474 499.
