2970 4950
212 445 269 502 XX
655 444 886 506 PRAEFATIO.

319 627 467 693 Maaime
499 626 562 693 mei
589 625 744 693 intererat
772 627 854 710 tppis
884 626 1019 693 dirersis
1047 627 1199 695 adhibitis
1227 633 1330 712 cupri-

213 738 305 796 mere,
340 738 420 799 quae
449 715 632 783 Annalibus
665 716 885 798 imperialibus
917 717 1215 799 Arpeutinensibus,
1250 738 1331 800 puae

214 806 336 872 auctori
363 804 518 872 Oronicae
540 805 830 888 Habenburaensrs,
854 826 934 887 auae
956 805 1115 885 fratribus
1130 807 1330 889 Neoburpen·

213 895 300 960 sibus
329 893 507 961 addicenda
535 900 646 959 essent.
691 894 796 976 Atque
820 893 857 959 id
877 893 1014 959 manime
1036 897 1242 977 appetendum
1264 917 1330 961 esse

213 984 293 1049 mibi
329 982 431 1048 uisum
476 989 535 1064 est,
574 989 610 1047 ut
654 982 813 1048 lectionem
856 982 1010 1049 Orouicae
1047 984 1368 1067 Habenburpensiss

213 1096 244 1139 a.
271 1079 506 1138 1210-1212.
539 1070 615 1136 iude
644 1073 683 1137 ab
714 1094 744 1137 a.
770 1078 843 1137 631.
875 1071 1069 1154 conscriptae
1097 1093 1136 1137 eu
1157 1073 1331 1154 exemplari

213 1161 345 1228 lenensi
373 1167 519 1227 accurata
548 1159 742 1225 restituerem
768 1167 868 1242 atque,
899 1159 1012 1242 auibus
1034 1161 1191 1226 elementis
1213 1183 1329 1243 compo-

213 1251 278 1317 sita
300 1250 349 1330 sit,
374 1249 511 1314 dilucide
533 1249 732 1314 ostenderem.

319 1339 415 1403 More
430 1344 536 1402 nostro
551 1338 727 1403 minoribus
749 1336 863 1403 litteris
885 1337 993 1403 omnia
1011 1341 1192 1404 eamdeuda
1207 1339 1328 1418 curari,

213 1449 294 1510 auae
316 1448 354 1492 ea
376 1425 468 1492 libris
482 1426 573 1491 nobis
587 1425 722 1491 serratis
744 1426 902 1508 euscrrpta
917 1433 1018 1505 erant,
1041 1427 1226 1510 dilipentius
1244 1449 1330 1493 scru-
1350 1458 1379 1496 ιο

213 1523 306 1597 tatus,
337 1536 413 1598 auos
442 1515 538 1580 libros
567 1521 676 1580 auctor
706 1514 887 1580 adbibuerit
896 1516 920 1598 ¹,·
949 1515 1063 1581 mediis
1085 1516 1199 1581 litteris
1222 1516 1330 1583 omnia

213 1604 353 1692 cupressi
382 1625 462 1686 auae
491 1604 748 1686 cbrouoprapbus
771 1604 1053 1687 Habenburpensis
1081 1605 1145 1670 sine
1175 1626 1213 1670 en
1242 1627 1330 1686 opus·

213 1693 293 1760 culis
322 1692 493 1776 deperditis
522 1692 587 1757 sire
616 1692 680 1773 ipsi
702 1699 861 1776 comperta
883 1694 927 1757 ad
941 1692 1060 1774 priora
1089 1700 1230 1775 tempora
1258 1694 1330 1758 ill·

93 1798 95 1802 ’
212 1784 347 1847 stranda
376 1781 511 1861 addidit,
539 1780 662 1862 oripiue
691 1802 798 1846 eorum
827 1781 954 1863 saepius
983 1782 1067 1847 notis
1095 1782 1330 1863 marpiualibus

213 1869 306 1953 (Not.
322 1871 444 1951 Marb„
470 1871 544 1935 Not.
562 1869 725 1952 Habeub.)
748 1869 902 1936 indicata.
937 1871 1086 1936 Maiores
1108 1871 1230 1937 litteras
1244 1871 1330 1937 reris
1349 1898 1377 1939 1s

213 1967 242 2025 et
263 1959 397 2026 sinceris
411 1959 596 2025 Annalibus
617 1959 786 2042 reservavi,
809 1959 922 2041 auibus
944 1961 984 2025 ab
1008 1967 1150 2025 a.1015.
1173 1981 1270 2042 usaue
1291 1960 1330 2025 in

211 2049 348 2114 medium
371 2070 401 2112 a.
429 2053 513 2113 1200
538 2044 582 2131 (p.
602 2054 652 2129 76,
683 2048 703 2112 l.
721 2047 758 2130 6)
781 2069 930 2129 eapressa
951 2055 1027 2113 sunt
1048 2048 1165 2131 omnia,
1188 2069 1269 2130 puae
1291 2070 1330 2113 eu

212 2137 397 2203 Annalibus
411 2136 700 2220 Arpentinensibus
720 2136 940 2218 imperialibus
961 2136 998 2201 in
1018 2136 1187 2204 (ironicam
1201 2138 1329 2203 Holen-

213 2227 395 2309 burpensem
418 2225 649 2306 transierunt²‚·
677 2225 753 2291 inde
768 2247 840 2291 oero
862 2225 1020 2308 usquein
1033 2226 1170 2292 medium
1193 2249 1223 2292 a.
1243 2232 1328 2291 1212

215 2311 259 2397 (p.
277 2322 329 2397 81,
353 2316 374 2379 l.
392 2313 451 2397 32)
474 2336 554 2397 quac
577 2315 681 2394 frater
704 2314 829 2380 ordinis
855 2336 880 2379 s.
900 2314 1076 2396 Aupustini
1098 2316 1136 2380 de
1158 2317 1250 2381 rebus
1272 2337 1329 2380 suo
1348 2344 1377 2384 so

213 2410 346 2485 tempore
373 2404 469 2574 ppstis
498 2402 614 2468 adiecit
636 2401 933 2483 (Continuationem
955 2403 1265 2487 Habenburpensem
1295 2411 1331 2468 nt

212 2492 261 2557 ita
283 2491 414 2558 dicam.

320 2580 440 2645 Iisdem
463 2579 584 2661 quidem
608 2579 723 2645 litteris
743 2578 919 2645 maioribus
941 2601 979 2645 ea
1001 2600 1118 2663 auoque
1147 2583 1330 2648 emendenda

213 2675 313 2750 crant,
344 2689 424 2750 auae
453 2668 690 2751 Neoburpenses
723 2667 877 2734 Orouicae
905 2669 1172 2752 Hebenburpensi
1201 2670 1328 2736 addide-

213 2764 307 2839 raut;
329 2779 409 2840 auae
432 2756 482 2821 bis
500 2756 593 2822 uncis
613 2753 631 2820 f.
656 2804 664 2820 .
689 2753 707 2820 ,ἲ
733 2757 861 2839 sipnata
884 2764 913 2822 et
934 2764 1009 2823 nota
1031 2758 1208 2841 marpinali
1224 2758 1327 2841 (Add.
1348 2785 1377 2826 m

215 2845 331 2928 Neob.)
350 2845 476 2927 saepius
491 2845 656 2929 adscripta
670 2845 767 2925 facile
789 2846 829 2910 ab
843 2845 1030 2913 Annalibus
1052 2868 1212 2913 secernere
1229 2854 1327 2929 potes.

325 2934 443 3001 Omnia
457 2955 537 3017 puae
553 2934 722 3000 Cronicam
737 2935 1035 3018 Hobeuburpensem
1051 2943 1232 3018 sequuntur,
1249 2957 1329 3018 anae

214 3047 236 3090 a
259 3023 535 3106 Neoburpensibus
556 3023 678 3107 scripta
700 3023 773 3105 unt,
797 3023 900 3089 oariis
922 3024 1036 3090 litteris
1057 3024 1232 3107 opprimere
1250 3046 1330 3108 opus

214 3134 280 3178 non
301 3119 380 3178 erat.
423 3113 510 3194 Quae
531 3133 637 3177 eorum
658 3110 899 3178 Continuationi
914 3120 990 3194 post
1010 3113 1123 3179 addita
1144 3113 1217 3195 siut,
1242 3114 1329 3194 diffi-

214 3201 307 3268 cilius
322 3201 554 3283 discernuntur,
577 3202 660 3266 rand
683 3201 790 3267 omnia
812 3201 925 3266 iisdem
947 3200 1061 3267 litteris
1082 3201 1258 3267 maioribus
1280 3223 1329 3266 aa·
1348 3231 1376 3270 so

209 3291 385 3373 pressimus
406 3311 504 3373 neque
526 3289 693 3372 quicquam
715 3289 808 3356 uncis
829 3288 1048 3356 inclusimus3.

320 3380 365 3445 In
398 3380 501 3445 altera
538 3378 633 3444 buius
667 3378 765 3444 libelli
791 3384 888 3462 parte
925 3400 1031 3444 omnes
1068 3379 1140 3445 illos
1174 3380 1330 3445 breuiores

213 3469 359 3534 Annales
381 3467 541 3534 Alsatieos
569 3467 686 3551 collepi
717 3468 773 3550 aui
801 3489 871 3534 cnm
897 3467 1082 3534 Annalibus
1110 3468 1330 3550 imperialibus

214 3557 400 3623 cobaereut4
428 3563 458 3622 ct
484 3578 545 3622 sna
574 3556 688 3639 auique
716 3557 841 3622 ratione
871 3578 909 3622 en
930 3557 1116 3623 Annalibus
1144 3557 1330 3622 monasterii

213 3644 460 3729 Arpentineusis
474 3644 644 3726 deperditis
659 3649 800 3727 pendent
809 3647 830 3708 ὃ.
865 3646 969 3727 Atque
992 3647 1118 3712 lectores
1140 3645 1270 3727 iurabit,
1294 3653 1331 3711 ut
1347 3674 1376 3715 ss

214 3734 392 3817 opinamur,
423 3733 509 3798 unni
537 3733 692 3799 rolmnine
722 3734 830 3799 omnia
859 3735 1080 3816 comprehensa
1110 3741 1221 3816 tenere,
1249 3756 1330 3818 auae

214 3823 381 3904 scriptores
402 3821 659 3904 Arpentinenses,
690 3842 823 3903 quorum
852 3823 956 3888 adbuc
984 3824 1075 3888 nulla
1101 3823 1168 3903 fere
1197 3824 1330 3907 oestipia

321 3998 347 4064 1)
372 3995 481 4048 Lunares
507 3996 658 4047 minoribns
684 3995 801 4048 deductis
827 4012 858 4048 ea
882 4012 1008 4064 cupresso
1032 4005 1104 4064 sunt,
1133 4015 1200 4065 quae
1216 3999 1329 4064 paulum

213 4073 318 4120 mutata
335 4071 406 4120 sunl.
478 4064 506 4136 2)
525 4067 599 4118 Satis
617 4067 700 4118 babai
716 4068 746 4118 in
764 4070 885 4134 marpiue
904 4068 1045 4120 adnotasse
1068 4070 1140 4135 (Not.
1158 4085 1228 4124 mon.
1247 4071 1329 4135 Arp.)

213 4155 281 4207 quae
299 4139 336 4190 ad
355 4138 474 4189 Annales
492 4139 649 4189 monasterii
665 4140 869 4203 Arpentr'ncnsis
888 4139 1036 4191 redncnrda
1053 4141 1116 4194 sint.
1188 4139 1216 4209 3)
1242 4141 1330 4192 Unum
1347 4156 1375 4195 ιο

213 4215 317 4262 mutam
331 4210 425 4274 mcum,
443 4223 495 4275 quo
506 4209 652 4276 scrupulus
663 4225 717 4262 non
728 4215 819 4276 restat,
837 4211 874 4262 ad
891 4228 917 4266 a.
928 4213 1006 4278 1220,
1021 4227 1050 4278 p.
1064 4213 1107 4267 89.
1120 4213 1197 4262 uncis
1208 4214 1330 4276 sipnaor';

212 4282 244 4334 da
256 4282 319 4333 aliis
329 4283 362 4346 of.
375 4295 464 4333 aonrm.
479 4297 509 4347 p.
524 4281 575 4334 115
587 4295 641 4346 sqq.
655 4285 775 4348 utsupra
790 4299 818 4350 p.
830 4282 878 4334 XI
882 4283 970 4348 Vsqq.
1024 4282 1052 4352 4)
1073 4282 1115 4345 Cf.
1127 4289 1238 4333 stemma
1249 4283 1330 4347 infra

210 4370 238 4421 p.
259 4355 318 4408 113.
344 4356 368 4402 et
387 4351 570 4418 praefationes
594 4367 642 4403 suo
659 4368 778 4419 quasque
796 4354 849 4407 naa
864 4355 1037 4422 praemissas.
1129 4353 1156 4421 5)
1177 4354 1219 4418 Cf.
1238 4369 1329 4408 comm
