2992 4950
507 447 689 504 saunas
707 447 998 507 MARBAOENSES.
1277 454 1315 509 85

192 629 260 684 riori
271 628 374 696 Ytalia,
393 645 463 696 quse
476 626 558 681 modo
571 625 675 696 Apulia
687 642 734 680 seu
747 625 875 680 Calabria
888 625 997 696 dicitur,
1009 626 1121 680 tandem
1134 626 1459 698 ex[cipitur⁸.om1ffl.

193 701 283 769 Quam
300 700 368 754 dum
386 701 410 768 a]
427 697 619 769 Longobardis
636 714 787 766 possessam
805 697 900 751 inertis
917 697 1005 766 plebis
1024 697 1223 752 inhabitatione
1240 702 1311 752 tam-

192 789 275 839 quam
299 770 433 824 industrie
457 769 656 838 defen[sionis⁸
678 785 791 822 vacuam
818 768 969 837 iu]veniret,
994 768 1112 822 remissis
1137 769 1166 821 in
1191 768 1312 823 Galliam

191 842 298 896 nunciis
316 841 494 910 expositaque
505 841 629 894 locorum
641 839 789 893 idoneitate
802 856 833 892 ac
852 839 974 908 gen[tis⁸
989 840 1096 906 inertia,
1115 839 1161 964 adj
1171 856 1312 910 expugna·

160 913 296 973 ationem
309 910 770 980 earumprovinciarumconsoeios
783 909 918 966 invitavit.
946 909 982 963 Et
994 927 1029 963 ne
1041 909 1134 963 multis
1163 910 1311 980 e[tinear⁸,

191 984 313 1054 virtutel,
341 983 414 1050 dolo,
443 986 501 1037 arte
531 982 624 1052 ignavi
654 981 751 1050 populi
768 980 858 1034 victor
877 981 1003 1048 existens,
1022 979 1179 1049 Campania,
1198 980 1310 1050 Apulia,

192 1054 326 1122 Calabris,
345 1052 446 1124 Sycilie
465 1052 672 1122 {ad⁸·ultimum
690 1068 828 1120 possessor
846 1051 984 1120 iuveu]tus
1003 1055 1051 1106 est,
1081 1051 1206 1121 Reliquit
1217 1055 1310 1106 autem

191 1125 313 1196 Rogerio
332 1124 411 1178 fratri
430 1141 464 1179 ex
481 1126 561 1193 parte
578 1122 621 1177 sui
639 1123 800 1177 comitatum
818 1121 918 1190 Syeilie
940 1121 1133 1192 tenen[dum³,
1160 1123 1219 1191 ipse
1244 1140 1310 1178 vero

192 1196 322 1250 ducatum
340 1195 453 1266 Apulia]
473 1212 536 1249 cum
555 1193 680 1248 Calabria
698 1193 751 1247 sibi
768 1193 890 1248 retinuit.
927 1192 1018 1246 Huius
1042 1191 1122 1259 filius,
1150 1195 1197 1261 qui
1221 1195 1310 1248 multa

147 1287 174 1327 ιο
190 1266 366 1337 postmodum
383 1271 441 1320 tam
459 1266 489 1319 iu
507 1265 608 1320 Gracia
625 1281 708 1332 quam
735 1265 796 1334 [in⁸
817 1264 915 1318 ceteris
936 1263 1048 1318 orientis
1069 1263 1191 1333 partibus
1227 1264 1310 1319 fortia

191 1343 220 1392 et
246 1337 366 1408 gloriosa
391 1337 476 1406 gessit
502 1353 594 1405 opera,
622 1334 793 1389 Boimundus
820 1334 880 1391 fuit.
923 1333 1027 1388 Fratris
1048 1351 1113 1388 vero
1136 1335 1178 1388 sui
1224 1336 1310 1390 oerii

199 1409 367 1478 Rogeriusss,
380 1408 427 1476 qui
444 1407 621 1477 postmodam
638 1407 756 1476 re]gium
774 1422 876 1459 nomen
892 1406 1042 1473 usurpavit,
1055 1409 1136 1459 natus
1149 1409 1215 1461 erat.
1280 1406 1309 1462 ic

222 1479 355 1550 ogerius
385 1496 444 1533 rex
474 1478 591 1548 genuit
618 1477 807 1532 Wilhelmum
834 1475 979 1599 gregemb
1012 1480 1046 1530 et
1077 1475 1309 1531 Constantiam

190 1550 472 1619 imperatricem],
491 1552 527 1602 ut
544 1549 577 1603 in
596 1547 815 1616 sequentibus
858 1547 994 1603 ioetur¹.

147 1640 172 1680 rc
296 1620 379 1676 Anno
397 1620 510 1675 Domini
527 1617 722 1674 MLXXXVI.
766 1616 939 1672 Catholici
960 1617 1097 1687 principes
1122 1616 1384 1686 [Suevorumwma

190 1710 253 1747 cam
271 1692 427 1746 Saxonibus
452 1695 481 1746 et
505 1690 647 1759 Baioariis]
674 1689 803 1758 generale
830 1689 997 1757 colloquium
1024 1705 1111 1757 prope
1129 1688 1310 1761 Wirzeburcg

189 1763 378 1819 condixerunt.
414 1761 510 1831 'Quod
532 1761 678 1816 Heinrious
703 1763 870 1830 congregata
893 1759 1069 1814 multitudine
1092 1759 1407 1823 scismaticorum·t.1so.

189 1834 302 1888 turbare
327 1833 423 1902 voluit,
451 1833 500 1888 sed
518 1831 615 1887 Suavis
642 1830 895 1900 supervenientibus
918 1830 1043 1884 resistere
1069 1847 1126 1883 non
1143 1831 1246 1899 valens,
1273 1831 1309 1885 ad

189 1910 298 1974 tempus
315 1905 354 1959 eis
372 1905 465 1959 locum
483 1903 566 1959 dedit.
597 1902 656 1972 Ipsi
673 1905 766 1956 autem
777 1900 934 1970 Ilrbipolim
952 1901 988 1954 ad
1006 1899 1169 1954 obsidendos
1187 1901 1309 1956 fautores

144 1996 171 2034 ao
189 1975 316 2030 Heinrici
338 1978 528 2044 processerunt
557 1977 584 2028 et
611 1972 748 2027 adiunctis
768 1971 923 2028 Saxonibus
951 1975 983 2024 et
1008 1970 1156 2025 Bawaris
1183 1973 1308 2026 urbem

189 2047 247 2116 sepi
274 2045 520 2101 circumdederunt.
563 2044 680 2098 Interim
707 2043 854 2097 Heinrious
882 2042 1032 2096 exercitum
1050 2040 1106 2095 XX
1126 2058 1197 2110 pene
1224 2043 1308 2096 milia

190 2119 263 2171 inter
280 2118 384 2186 equites
404 2121 431 2171 et
448 2115 555 2186 pedites
573 2114 750 2186 congregavit
777 2117 806 2167 et
833 2113 868 2167 ad
896 2112 1036 2167 civitatem
1063 2111 1233 2167 liberandam
1251 2114 1308 2167 iam

189 2182 1307 2323 ttttutttttttttttttr“tltlt‘tlntutttttttfftitt

144 2349 171 2389 as
189 2347 298 2400 quoque
316 2329 373 2382 dux
391 2328 554 2382 Bawarie
572 2332 600 2381 et
617 2326 897 2398 Magedeburgensis0
918 2325 1136 2395 archiepiscopus
1158 2342 1221 2379 cum
1239 2326 1307 2379 suis

188 2400 377 2471 legionibus
406 2399 509 2453 relictis
539 2399 616 2467 equis
645 2398 750 2466 pedites
779 2397 952 2453 incedebant.
1007 2396 1099 2466 Igitur
1132 2395 1161 2448 in
1195 2397 1307 2451 nomine

189 2472 299 2526 Domini
317 2471 456 2540 congressi
473 2469 664 2525 incredibilem
683 2473 803 2539 stragem
827 2469 948 2522 hostium
973 2467 1105 2535 fecerunt,
1133 2466 1172 2520 ita
1189 2471 1221 2521 ut
1238 2466 1303 2522 ixa

188 2543 304 2596 nimium
326 2543 425 2613 [alte0]
447 2541 588 2611 congeries
612 2540 776 2594 cadaverum
800 2540 840 2593 ibi
863 2539 1031 2606 viderentur,
1055 2541 1149 2608 preter
1173 2539 1235 2593 illos
1260 2539 1308 2608 qui

188 2630 238 2682 per
264 2629 376 2682 campos
404 2616 433 2667 et
459 2613 539 2666 silvas
567 2611 716 2683 fugitantes
744 2611 938 2666 occubuerunt.
984 2610 1132 2664 Heinrious
1159 2613 1251 2664 autem
1278 2611 1307 2663 in

144 2705 171 2744 eo
188 2684 279 2753 primo
305 2685 412 2753 impetu
439 2682 635 2753 congressionis
663 2681 832 2736 dissimulato
856 2681 954 2734 habitu
979 2681 1084 2750 primus
1109 2681 1181 2735 inter
1224 2681 1308 2735 rimos

188 2763 268 2825 terga
290 2759 400 2809 vertens
423 2771 509 2823 usque
535 2753 571 2807 ad
596 2751 724 2807 Rhenum
751 2753 816 2806 satis
843 2752 995 2806 accelerato
1022 2753 1155 2821 pervenit.
1227 2751 1308 2807 'deles

189 2830 298 2881 autem
323 2825 411 2880 sancti
434 2824 512 2879 Petri
538 2825 622 2894 longo
650 2823 749 2878 itinere
775 2840 840 2878 eum
867 2823 982 2877 insecuti
1009 2824 1109 2877 scrinia
1136 2840 1200 2877 cum
1225 2824 1308 2877 vesti-

189 2897 288 2951 mentis
306 2896 445 2967 regalibus
463 2900 496 2950 et
514 2895 636 2949 multas
655 2895 773 2963 capellas
791 2894 982 2963 episcoporum
995 2909 1058 2947 cum
1075 2893 1134 2946 aliis
1151 2894 1308 2949 innumera·
1328 2937 1330 2941 ,

188 2968 289 3023 bilibus
308 2967 429 3036 spoliis
446 2968 664 3036 reportaverunt.
701 2965 871 3035 Quamvis
897 2967 1015 3017 autem
1033 2965 1148 3017 multa
1166 2964 1242 3018 milia
1260 2964 1308 3018 ad·

145 3058 172 3098 aa
189 3038 373 3093 versariorum
400 3036 587 3105 occubuerint,
616 3053 651 3089 ex
677 3039 756 3104 parte
782 3039 923 3089 tantum
950 3033 1074 3088 fidelium
1101 3033 1158 3088 XV
1183 3034 1308 3089 homines

189 3109 299 3163 mortui
326 3113 416 3165 sunt.
464 3107 500 3162 In
526 3107 651 3162 crastino
683 3111 801 3161 autem
833 3105 869 3159 ad
895 3103 1065 3159 obsidionem
1098 3104 1174 3158 urbis
1206 3106 1308 3160 reversi

78 3179 455 3250 ⁸p.1or.⁸absquesanguine
480 3195 542 3234 eam
566 3183 705 3247 ceperunt.
747 3177 819 3231 Dein
836 3175 1059 3245 wirzeburgensi
1084 3174 1221 3244 episeopo,
1247 3177 1308 3243 qui

190 3269 207 3305 a
223 3250 401 3305 Heinrico
420 3249 562 3305 eiectus
580 3249 717 3318 fuerat,
729 3248 857 3303 restituto
869 3263 1045 3317 congruoque
1056 3246 1176 3299 militum
1188 3246 1307 3314 presidio

190 3322 296 3376 civitati
314 3321 453 3393 imposito,
471 3320 573 3392 singuli
590 3319 778 3389 principes
796 3335 859 3372 oum
877 3317 969 3370 leticia
987 3316 1016 3369 in
1035 3333 1083 3369 sua
1101 3316 1250 3377 redierunt,

144 3431 172 3472 ιο
295 3410 379 3465 Anno
409 3409 521 3464 Domini
550 3406 761 3463 MLXXXVH.
814 3400 949 3458 Sanctus
979 3398 1127 3456 Nicolaus
1157 3400 1308 3475 archiepi-

190 3509 304 3568 scopus
327 3510 347 3550 a
369 3493 469 3550 Mirea
490 3493 524 3550 in
547 3492 719 3549 Bareasem
742 3489 904 3547 civitatem
927 3487 1102 3545 translatus
1125 3491 1185 3545 est.

296 3568 429 3624 Eodem
461 3586 552 3623 anno
579 3567 733 3623 Romani
761 3569 797 3619 et
823 3565 975 3619 cardinales
1002 3580 1065 3617 eum
1094 3565 1195 3618 auxilio
1223 3564 1307 3619 Nort-

189 3657 354 3694 mannorum
366 3640 522 3696 Victorem
539 3637 597 3708 III,
620 3639 680 3708 qui
705 3637 760 3691 etf
782 3636 959 3704 Desiderius,
983 3652 1085 3704 papam
1102 3635 1308 3692 ordinaverunt.

190 3710 244 3780 Qui
269 3712 363 3765 atatim
387 3711 475 3765 missis
499 3711 750 3778 circumquaque
775 3707 873 3762 litteris
898 3707 998 3760 inter
1025 3711 1150 3761 cetera
1175 3705 1307 3760 iudicium

143 3798 172 3838 so
190 3782 233 3835 sui
251 3782 428 3837 antecessoris
447 3781 575 3852 Gregorii
593 3797 675 3849 super
687 3779 851 3834 Heinricum
870 3781 898 3832 et
915 3794 1011 3833 omnes
1029 3777 1086 3831 eius
1104 3777 1225 3831 fautores
1243 3794 1308 3831 con·

189 3851 318 3910 firmavit.
356 3853 511 3907 Gwibertus
537 3868 703 3920 namque,
732 3849 896 3919 quamvis
922 3849 1167 3919 apostolicam
1187 3848 1308 3918 digni·

190 3927 303 3979 tatem
320 3923 473 4006 nequiverit
490 3922 624 3990 obtinere,
649 3922 718 3976 adeo
735 3925 828 3975 tamen
846 3937 896 3989 per
914 3937 1018 3991 organa
1036 3918 1140 3974 diaboli
1163 3919 1308 3989 prevaluit,

191 3999 221 4048 ut
256 3995 312 4048 iam
341 3994 453 4048 biennio
489 3993 567 4048 sedes
597 3992 747 4062 apostolica
776 3992 906 4061 pastorali
941 3991 1145 4062 gubernatore
1181 3991 1308 4048 caruerit.

190 4064 322 4134 Itaque
340 4065 440 4121 Victor
463 4081 536 4135 papa
560 4065 616 4118 iam
639 4063 765 4133 plurimis
786 4063 863 4116 annis
882 4061 1006 4116 infirmus
1024 4066 1053 4116 et
1069 4062 1100 4116 in
1118 4062 1214 4118 eadem
1232 4061 1309 4116 infir·

143 4210 173 4251 bo
190 4210 213 4258 a)
225 4209 311 4248 litteras
324 4212 343 4248 st
357 4218 418 4248 corsa
430 4209 510 4248 &luas
523 4218 550 4247 sec
562 4207 659 4255 roardus
671 4207 743 4254 suppl.
798 4206 821 4256 b)
836 4204 932 4252 aprum
946 4205 1032 4245 circiter
1046 4205 1071 4245 Π
1085 4205 1207 4246 litteratam
1220 4205 1310 4245 humore

189 4263 299 4306 mam.
314 4261 373 4301 Noto
381 4261 511 4311 caminatis
518 4271 575 4301 osec.
586 4259 785 4300 meoparonem
794 4259 934 4308 imperatrix.
983 4260 1003 4306 o)
1014 4256 1220 4308 magideburgensis
1229 4259 1309 4306 Baras

189 4313 362 4363 laesionemls
375 4326 394 4354 o.
449 4315 471 4364 d)
486 4314 569 4361 Bermr
582 4314 614 4354 11
626 4325 646 4353 c.
701 4312 723 4362 e)
735 4312 816 4358 Boram
830 4310 887 4349 deest
900 4323 919 4351 c.
973 4312 991 4363 l)
1005 4316 1028 4350 et
1041 4311 1080 4358 qui
1093 4322 1112 4351 c.

191 4422 218 4490 1)
237 4421 279 4487 Cf.
297 4421 377 4486 infra
396 4421 433 4473 od
451 4436 553 4474 annum
573 4422 643 4478 1184
660 4419 703 4484 (1)-
718 4421 774 4485 55).

1098 4521 1131 4578 3*
