2970 4950
230 405 266 460 18
540 399 726 457 ANNALES
744 399 1034 456 MARBAORNSRS.

102 592 220 641 mahar.
231 579 341 635 easdem
358 583 450 648 partes
468 577 676 646 subdividendo,
702 576 736 630 de
754 577 861 631 duabus
878 578 1002 646 partibus
1020 577 1076 631 XX
1095 580 1124 632 et
1141 595 1225 631 unam
1242 582 1353 648 partem

232 651 306 717 fecit,
324 651 439 704 terciam
457 649 593 720 integram
610 649 768 704 reservavit.
805 649 928 702 Duarum
953 649 1074 718 partium
1093 649 1121 702 in
1139 649 1196 702 XX
1214 653 1242 703 et
1266 667 1354 704 unam

231 725 339 792 partem
366 721 440 774 facta
464 720 560 775 divisio
585 720 634 773 tali
658 720 766 773 ratione
791 719 946 788 contunsa,
972 724 1012 786 ut,
1040 719 1105 788 quia
1131 720 1161 773 in
1178 737 1265 791 regno
1294 721 1353 775 eius

231 793 442 861 metropolitane
456 791 640 866 ecelesiae
651 791 709 846 XX
722 794 749 844 et
761 808 816 844 una
834 808 892 844 esse
909 791 1153 860 noscebantur,
1172 809 1354 862 unaquaeque

232 865 342 917 illarum
360 864 481 932 partium
499 863 535 916 ad
552 879 776 931 unamquamque
793 863 970 931 metropolim
988 879 1039 931 per
1056 880 1152 915 manus
1171 862 1305 916 heredum
1324 867 1353 918 et
1372 879 1385 919 a

232 935 384 988 amicorum
403 933 551 988 elemosine
568 934 680 988 nomine
697 933 896 1002 perveniret,
922 937 950 987 et
968 932 1196 1002 archiepiscopus,
1220 935 1266 1002 qui
1284 938 1352 990 tunc

231 1006 363 1075 temporis
373 1006 445 1058 illius
456 1005 585 1077 eeclesiae
594 1005 806 1073 metropolitane
815 1008 906 1058 rector
915 1005 1017 1071 inisset,
1029 1007 1137 1073 partem
1150 1022 1219 1073 quae
1229 1004 1265 1058 ad
1273 1023 1352 1059 suam

233 1077 375 1151 pcclesiam
394 1075 459 1129 data
477 1079 574 1130 esset
592 1075 748 1145 suscipiens,
767 1092 830 1129 eum
849 1074 946 1145 [suisb]
965 1075 1142 1145 suffraganeis
1159 1075 1351 1146 partiretur,

234 1166 267 1202 eo
286 1148 390 1202 seilicet
407 1146 491 1200 modo
509 1150 541 1200 ut
558 1147 645 1201 tercia
661 1164 725 1215 pars
743 1163 791 1200 sue
810 1150 915 1200 esset
933 1147 1072 1215 ecclesiae,
1098 1147 1151 1200 due
1175 1163 1240 1200 vero
1258 1152 1353 1217 partes

91 1219 305 1279 u.111,15.inter
317 1218 503 1288 suffraganeos
516 1216 811 1286 [divilderenturb.'
829 1217 985 1287 Quarum
999 1219 1348 1286 metropolitanarum⁰
1373 1234 1399 1272 10

15 1295 17 1300 '
157 1301 221 1342 urna.
232 1289 346 1344 nomina
372 1289 424 1343 hec
451 1286 546 1342 sunt¹:
578 1288 677 1358 Roma,
704 1288 844 1357 Ravenna,
872 1287 1070 1355 Mediolanum,
1097 1289 1217 1357 Aquil
1230 1288 1352 1360 egiad,

103 1355 222 1446 Lffigr·
233 1360 352 1427 Gradus,
372 1359 494 1426 Colonia,
513 1358 666 1429 Magantia,
685 1358 844 1426 Sahburch,
868 1359 1047 1429 Rotomagus,
1067 1358 1201 1430 Treveris,
1227 1359 1352 1430 Senonir,
1449 1399 1451 1404 -

162 1436 170 1458 ’
205 1439 211 1450 '
233 1431 406 1500 Bysuntium,
433 1429 610 1500 Lugdunum,
639 1431 741 1498 Remis,
768 1429 875 1499 Arelas,
896 1431 1013 1499 Vienna,
1041 1431 1236 1498 Donatistae,
1263 1431 1353 1486 Ebru-

234 1503 348 1569 dunum,
375 1500 540 1570 Burdegala,
566 1501 691 1570 Turonis,
719 1501 870 1570 Byturicas.
915 1502 1027 1555 Duabus
1051 1502 1138 1572 igitur
1164 1502 1288 1571 partibus
1314 1503 1353 1558 sic

233 1573 385 1626 distributis
404 1575 432 1626 et
450 1572 499 1625 sub
518 1572 609 1642 sygilli
627 1573 794 1642 inpressione
812 1573 967 1640 reconditis,
986 1574 1081 1641 voluit,
1104 1577 1135 1627 ut
1158 1573 1245 1627 tercia
1269 1591 1353 1643 pars
1374 1588 1399 1628 15

232 1645 262 1698 in
286 1661 337 1697 usu
363 1643 513 1697 cottidiano
537 1648 698 1714 versaretur,
723 1661 936 1712 quamquam
961 1645 997 1697 in
1024 1644 1100 1698 fine
1126 1644 1202 1698 vite
1229 1662 1289 1698 sue
1317 1645 1354 1699 in

234 1714 414 1770 eiusmodi
432 1731 520 1783 opus
539 1731 697 1784 expensa
715 1715 838 1772 fuerit.
873 1715 934 1770 Hec
952 1715 1044 1769 omnia
1062 1719 1097 1769 et
1115 1717 1228 1769 multo
1246 1717 1354 1785 plura

234 1785 517 1841 elemosinarum
541 1785 705 1856 insignia
724 1803 831 1840 summa
855 1804 919 1841 cum
945 1786 1092 1841 devotione
1109 1782 1280 1855 Lfidewious,
1305 1788 1354 1856 qni

233 1857 326 1910 divina
343 1856 460 1910 iussione
478 1858 614 1926 successIt,
633 1875 716 1925 quam
735 1858 877 1912 celerrime
900 1858 993 1927 potuit
1016 1862 1080 1927 post
1104 1857 1210 1911 obitum
1234 1858 1354 1927 patris

233 1927 384 1997 adimplere
402 1928 514 1984 curavit.
1372 1944 1400 1983 ao

93 2009 224 2059 to.111,16.
341 1997 475 2052 Omnibus
505 1999 631 2067 itaque
656 1999 816 2052 Karolus
845 2000 874 2053 in
898 2018 972 2069 paee
998 2004 1032 2054 et
1056 2000 1254 2069 tranquillitate
1278 2017 1353 2054 com-

232 2069 343 2139 positis,
371 2074 500 2124 coronato
528 2070 585 2124 filio
613 2088 662 2124 suo
689 2070 836 2124 Liidewico
868 2074 895 2124 et
925 2070 1070 2125 commisso
1101 2072 1126 2125 ei
1155 2070 1244 2124 tocius
1273 2071 1354 2142 regni

234 2141 355 2210 negotio,
375 2158 438 2194 cum
456 2159 534 2195 more
552 2142 632 2195 solito
650 2141 820 2212 Aquisgrani
837 2142 987 2210 hyemaret,
1006 2142 1083 2196 febre
1101 2142 1193 2196 valida
1211 2146 1353 2211 correptus

234 2212 365 2266 decubuit
384 2216 418 2265 et
436 2213 465 2266 in
483 2217 623 2266 senectute
634 2213 814 2267 bonaviam
833 2213 1004 2267 universe
1023 2213 1145 2267 earnis
1162 2214 1353 2282 ingressus

234 2286 289 2336 est
306 2283 342 2339 V.
360 2283 424 2338 Kal.
443 2283 596 2347 Februarii,
622 2285 701 2337 etatis
719 2302 767 2338 sue
785 2302 856 2338 anno
875 2283 998 2354 LXXII,
1022 2285 1102 2356 regni
1121 2289 1213 2338 autem
1231 2283 1353 2341 XLVII.
1373 2298 1400 2338 af>

233 2355 400 2422 subactaque
415 2354 510 2408 Ytalie
525 2354 635 2421 XLIII,
654 2373 689 2408 ex
707 2372 761 2424 quo
780 2356 929 2425 imperator
948 2359 976 2409 et
994 2359 1123 2426 augustus
1142 2356 1294 2425 appellatus
1312 2360 1355 2410 est

233 2424 334 2493 XIIII,
352 2425 488 2478 incarnati
506 2426 583 2479 verbi
596 2425 660 2479 Dei
678 2442 750 2480 anno
763 2424 957 2497 DGOOXIIII,
974 2430 1008 2480 et
1026 2428 1061 2480 in
1080 2426 1240 2496 ecclesia
1251 2425 1354 2496 Aquis-

158 2496 332 2565 Berngrani²
349 2495 500 2549 honorifice
518 2496 640 2565 sepultus
658 2497 828 2565 quiescit.

341 2566 550 2620 Decedente
586 2567 723 2622 Karolo
760 2568 891 2638 Magno
930 2569 1156 2638 imperatore
1191 2568 1354 2624 Ludewicus

131 2640 418 2706 neaucognomento
447 2636 531 2690 Pius⁸
561 2639 666 2709 regni
696 2641 949 2710 gubernacula
979 2641 1151 2710 suscepit.
1200 2640 1288 2694 Hic4
1318 2641 1354 2694 in
1374 2657 1400 2696 ao

234 2707 431 2762 iuventute
456 2709 601 2778 aceepit
625 2727 773 2766 uxorem
799 2709 885 2763 filiam
910 2711 1072 2765 nobilissimi
1099 2712 1175 2766 ducis
1199 2711 1355 2783 Ingrammi

235 2777 380 2831 nomine
403 2777 618 2849 Irmingardem
646 2785 680 2835 et
702 2799 736 2835 ex
761 2799 794 2836 ea
818 2785 874 2835 tres
898 2780 969 2835 filios
996 2783 1101 2851 habuit,
1129 2783 1218 2837 adhuc
1243 2784 1354 2837 vivente

235 2852 323 2917 patre,
350 2848 533 2920 Lotharium,
557 2851 721 2920 Pippinum
747 2856 781 2906 et
807 2852 1014 2922 deewicum3
1042 2858 1209 2922 quartum
1235 2854 1354 2909 Karo-

236 2921 308 2972 lum
325 2920 469 2974 nomine
486 2926 568 2991 post
586 2927 738 2976 mortem
756 2923 875 2992 patris
893 2925 1047 2994 genuit⁵.

342 2990 426 3046 Anno
453 2992 564 3047 Domini
590 2992 787 3049 Dccoxvlss
819 2994 915 3049 Leone
941 3012 1014 3064 papa
1040 2995 1171 3050 defuncto
1198 2994 1354 3065 Stephanus
1374 3012 1400 3051 sc

236 3061 306 3114 sedit
329 3064 469 3117 mensibus
486 3063 555 3120 VII.
596 3064 650 3134 Qui
668 3064 704 3118 ad
721 3064 900 3119 deewicum
918 3083 1013 3136 regem
1032 3067 1061 3120 in
1078 3065 1224 3121 Ihanciam
1242 3068 1355 3122 veniens

235 3131 331 3186 Remis
356 3151 419 3188 eum
444 3135 479 3188 in
503 3136 699 3204 imperatorem
724 3137 874 3206 coronavit,
900 3137 999 3192 deinde
1017 3136 1136 3191 Romam
1162 3137 1252 3192 rediit.
1297 3137 1354 3192 Im·

234 3208 347 3272 perator
371 3206 474 3274 synodo
500 3207 637 3262 collectas
659 3207 748 3259 multa
768 3207 803 3261 de
823 3211 897 3261 statu
915 3209 1158 3284 eeclesiarum
1176 3213 1204 3264 et
1221 3209 1354 3280 religione

234 3276 413 3330 cenobiorum
431 3277 502 3331 bene
521 3276 663 3345 disposuit.

105 3355 163 3394 Rern
176 3355 224 3396 821.
340 3347 424 3401 Anno
442 3347 554 3401 Domini
566 3347 756 3403 DGGOXXII.
782 3347 945 3404 Ludewicus
958 3351 1108 3419 imperator
1119 3351 1201 3405 exilia
1212 3353 1354 3422 relaxavit,
1373 3367 1400 3406 40

138 3427 223 3469 meaa
234 3417 328 3471 debita
341 3418 446 3472 cunctis
460 3419 563 3472 dimisit
581 3423 617 3489 et,
636 3419 671 3473 de
688 3419 805 3488 publicis
824 3420 878 3474 suis
897 3421 1058 3492 [peccatish]
1077 3422 1215 3491 publicam
1230 3422 1355 3492 peniten-

232 3488 302 3541 tiam
333 3506 430 3560 agens,
462 3506 568 3558 queque
598 3489 627 3543 in
656 3507 742 3560 regno
773 3508 823 3544 suo
853 3493 1016 3562 corrigenda
1045 3493 1179 3562 correxit3
1211 3498 1245 3548 et
1275 3493 1354 3547 filii

233 3558 381 3614 Lotharius
408 3561 437 3614 in
464 3560 602 3626 Ytaliam‚
630 3559 764 3630 Pippinus
792 3561 874 3616 ducta
900 3580 986 3618 uxore
1012 3565 1042 3617 in
1068 3563 1248 3633 Aquitaniam
1274 3582 1354 3635 reges

233 3630 398 3686 missisunt.

339 3700 519 3770 Sequenti
544 3719 636 3756 anno
655 3702 803 3758 Lotharius
824 3723 875 3760 rex
893 3704 987 3760 Ytalie
1004 3709 1120 3777 rogante
1138 3723 1212 3776 papa
1228 3705 1354 3762 Paschali
1372 3722 1399 3761 45

230 3771 382 3841 imperator
399 3773 433 3826 ab
452 3789 485 3826 eo
503 3771 593 3826 Rome
611 3778 766 3831 coronatur.

233 3932 255 3983 a)
274 3932 391 3971 constituit
403 3943 421 3975 c.
503 3933 722 3984 munerandumque
735 3946 762 3974 ee
775 3937 876 3984 Legenda
888 3938 960 3986 suppl.
1042 3939 1063 3987 c)
1081 3940 1306 3989 metropolimnorum
1320 3950 1354 3987 c.,·

232 3986 421 4033 metropoleorum
435 3986 543 4034 Legenda.
589 3988 611 4038 d)
626 3989 709 4028 Forum
723 3990 776 4028 Iulii
789 3991 897 4039 Legenda.
944 3992 965 4041 e)
980 3989 1100 4032 Orantasia
1113 4003 1132 4035 c.
1171 3993 1188 4045 t)
1202 3991 1320 4035 1³00va
1333 4003 1352 4031 c.

232 4037 255 4089 g)
269 4038 382 4082 collatae.
435 4039 459 4091 h)
473 4040 530 4079 deest
545 4052 563 4080 a.

235 4160 261 4230 1)
280 4160 332 4214 hec
349 4164 412 4215 sunt
429 4164 465 4227 cf.
484 4163 568 4219 leina.
586 4164 676 4217 Vitam
694 4165 797 4218 Karoli
812 4180 832 4220 c.
846 4169 889 4221 33.
956 4165 984 4236 2)
1003 4167 1172 4237 Aquisgrani
1186 4197 1216 4208 -
1232 4167 1353 4236 sepultus
1372 4182 1399 4222 50

233 4249 268 4286 ecc
292 4233 424 4287 Barnoldo
449 4236 486 4286 ccl
511 4251 536 4290 a.
555 4239 618 4292 814.
697 4237 725 4303 3)
752 4237 794 4302 Of.
813 4237 916 4291 itidem.
991 4240 1019 4305 4)
1048 4236 1156 4291 Hic-
1174 4237 1353 4295 deewioum

233 4305 264 4369 (t.
277 4306 325 4364 33)
343 4321 376 4358 cc
392 4305 516 4372 Tbcgcni
529 4307 592 4359 Vita
607 4307 761 4361 Hludowrc'
777 4323 797 4361 c.
810 4310 829 4363 4
846 4308 907 4373 (SS.
925 4308 964 4373 II,
978 4325 1008 4375 p.
1022 4312 1096 4372 591).
1162 4311 1190 4376 5)
1208 4310 1354 4363 Obronmtc

235 4374 369 4428 Karolum
387 4393 420 4429 aa
438 4378 558 4446 Iuditha,
579 4381 668 4432 attera
685 4376 830 4431 Hludcvicr'
846 4394 939 4446 uxore,
959 4385 1054 4432 natum
1071 4396 1126 4434 ease
1142 4382 1304 4436 dissimulat.
