2992 4950
502 441 684 498 manas
701 440 992 500 MARBAOENSES.
1275 446 1309 502 69

295 627 437 692 Interea
458 627 495 690 in
518 626 742 692 Theutonicis
765 628 931 711 partibus,
963 627 1196 693 mediantibus
1220 626 1398 692 (lun-1196.

184 718 272 781 rado
295 716 503 800 Magantino
526 715 784 800 archiepiscopo
808 719 844 780 et
874 717 962 781 duce
986 716 1109 781 Suevie
1132 716 1305 801 Philippo,

187 825 306 871 omnes
329 804 402 870 fere
426 804 598 889 principes
623 803 769 888 prestito
798 803 992 869 iuramento
1023 804 1133 868 filium
1163 805 1307 889 impera-

186 893 272 960 toris
294 893 331 957 in
354 914 470 978 regem
495 891 676 975 elegerunt
686 891 708 954 1.
1309 942 1311 946 ,

150 1003 168 1043 a
295 981 426 1048 Eodem
441 1002 531 1046 anno
547 981 643 1046 facta
655 985 707 1046 est
722 981 871 1044 maxima
883 1001 991 1046 werra
1002 982 1094 1046 inter
1106 980 1305 1046 Ounradum

187 1072 386 1157 episcopum
409 1070 696 1154 Argentinensem
721 1074 757 1134 et
781 1071 941 1134 comitem
966 1069 1139 1148 Ottonem,
1164 1075 1306 1154 propter

186 1181 290 1244 quam
312 1162 390 1224 tota
408 1158 544 1224 Alsatia
566 1178 628 1243 per
642 1158 723 1221 IIII
747 1159 928 1223 continuos
952 1179 1060 1223 annos
1082 1162 1219 1224 vastata
1242 1161 1305 1224 est.

294 1248 376 1332 Ipso
400 1268 491 1312 anno
513 1248 610 1311 facta
633 1251 685 1311 est
704 1247 877 1331 expeditio
894 1246 1197 1312 lherosolimitana
1212 1248 1303 1312 IIII.

188 1337 278 1403 circa
289 1337 509 1402 nativitatem
523 1335 664 1399 Domini
675 1357 696 1399 a
707 1336 831 1419 supra²
842 1336 1028 1399 nominatis
1044 1332 1303 1420 principi[bus³,
1313 1369 1333 1399 ε.
1342 1359 1396 1401 aa.
1405 1358 1441 1400 a.

140 1450 169 1490 ιο
187 1426 246 1509 qui
262 1444 380 1490 omnes
395 1418 466 1509 per]
482 1423 637 1488 Ytaliam
653 1443 770 1488 versus
787 1444 879 1488 mare
895 1424 963 1489 iter
978 1445 1079 1488 suum
1094 1426 1304 1490 direxerunt.

293 1514 396 1577 Anno
420 1512 561 1578 Domini
584 1511 797 1576 MOXOVII.
843 1512 1058 1598 Imperatore
1081 1514 1118 1577 in
1143 1509 1300 1598 [syciliae
1316 1520 1395 1576 1197.

187 1599 382 1685 exilstente,
417 1602 635 1686 imperatrix,
666 1601 756 1665 sicut
741 1601 975 1680 tdicebatur‚
1007 1602 1184 1668 simultate
1214 1604 1307 1668 inter

184 1693 277 1777 ipsos
309 1693 429 1755 exorta
458 1691 732 1755 coniurationem
764 1685 958 1770 adlversus⁸
988 1690 1231 1774 imperatorem
1261 1692 1305 1757 ab

186 1774 356 1862 omnilbus
379 1779 506 1863 Apulie
530 1782 566 1844 et
590 1771 735 1862 Sycilieb
764 1779 845 1843 civit
830 1778 962 1843 tatibus
992 1781 1028 1843 et
1051 1779 1202 1845 castellis
1230 1782 1305 1846 fieri

140 1895 168 1934 ιο
187 1869 335 1947 effecit³,
360 1868 515 1945 consciis,
540 1866 595 1930 ut
617 1867 739 1944 fertur,
764 1867 957 1931 Lonbardis
981 1871 1016 1932 et
1032 1868 1239 1946 Romanis,
1229 1890 1304 1954 ipso
1314 1889 1405 1938 *nisa

187 1958 302 2036 etiam,
327 1957 357 2021 si
378 1957 432 2021 fas
456 1960 509 2021 est
533 1956 636 2032 credi,
661 1955 851 2039 apostolico
875 1955 1065 2034 celestium
1097 1956 1303 2039 quibusdam

186 2047 291 2112 etiam
314 2045 548 2120 Theutonicis,
573 2045 633 2127 qui
655 2048 740 2108 tunc
764 2064 880 2110 secum
904 2048 1003 2110 erant
1027 2048 1063 2109 et
1086 2046 1130 2109 ad
1160 2045 1304 2129 impera·

123 2145 125 2151 '
185 2139 297 2201 torem
326 2135 376 2199 ire
406 2133 579 2211 volebant,
611 2132 773 2197 dissuasit
782 2133 804 2210 8,
834 2153 878 2198 ne
912 2132 1013 2198 irent.
1070 2133 1187 2220 Igitur
1220 2134 1304 2197 dum

184 2225 372 2307 imperator
394 2223 430 2286 in
454 2223 604 2305 quadam
627 2222 714 2286 silva
736 2225 878 2306 propter
899 2222 1118 2287 venationem
1135 2226 1301 2300 maneret,

137 2338 166 2377 ao
185 2312 428 2388 coniuratores,
452 2309 556 2395 rege⁵
578 2311 670 2375 inter
693 2331 750 2374 eos
774 2310 908 2375 occulte
925 2311 1116 2375 constituto
1132 2314 1168 2376 et
1189 2311 1303 2374 multi·

182 2400 305 2465 tudine
339 2400 489 2464 maxima
522 2400 613 2465 circa
643 2399 745 2462 XXX
775 2403 984 2463 armatorum
1019 2398 1116 2462 milia
1145 2398 1301 2477 collecta,

181 2491 296 2573 ipsum
320 2508 506 2570 omnesque
529 2508 608 2552 suos
632 2489 735 2552 huius
758 2489 808 2552 rei
830 2489 968 2572 ignaros
993 2489 1158 2572 perimere
1175 2492 1302 2553 statue·

182 2582 276 2642 runt.
322 2576 424 2656 Quod
447 2580 483 2641 et
505 2578 679 2654 fecissent,
702 2577 771 2641 nisi
793 2577 889 2660 prius
918 2578 1107 2661 imperator
1136 2598 1156 2641 a
1187 2578 1302 2642 coniu-

183 2666 327 2730 rationis
351 2666 487 2731 conscio
505 2666 719 2750 premonitus
734 2666 921 2730 Massiuam
937 2666 1123 2744 civitatem,
1140 2666 1202 2730 ubi
1216 2670 1401 2735 suncanto).

137 2779 165 2820 ιο
184 2755 320 2839 dapifer
349 2774 431 2819 suus
454 2753 706 2838 Marquardus⁶
734 2755 907 2833 manebat,
939 2755 1187 2838 confugisses.
1233 2754 1303 2834 Qui

183 2844 288 2908 etiam
311 2843 540 2926 Marquardus
564 2863 642 2908 cum
665 2843 831 2908 Heinrico
854 2843 1073 2921 marscalco⁷,
1099 2845 1302 2909 coadunatis

182 2933 302 3016 paucis
323 2935 396 2996 tam
413 2932 457 2996 de
473 2932 543 2995 suis
559 2952 662 3014 quam
679 2932 721 2996 de
737 2933 937 3057 peregrinis,
954 2953 1039 3015 quos
1055 2934 1300 3009 conduxerant,

182 3041 261 3086 cum
282 3020 430 3084 inimicis
447 3020 639 3104 congressi8
661 3021 735 3084 fere
776 3041 894 3085 omnes
918 3021 1117 3085 ceciderunt
1132 3024 1168 3085 et
1184 3041 1302 3104 regem

182 3110 334 3212 ipsorum
359 3130 437 3172 cum
461 3109 538 3173 aliis
561 3109 766 3192 quibusdam
790 3109 944 3174 eiusdem
966 3109 1129 3173 factionis
1157 3110 1303 3173 auctori·

138 3222 165 3263 οο
183 3197 247 3263 bus
262 3199 358 3262 viros
374 3201 555 3281 ceperunt;
573 3218 657 3281 quos
676 3199 864 3282 imperator
882 3196 1153 3262 miserabiliter*
1156 3197 1303 3261 cruciari

71 3275 106 3326 Ρ
117 3278 163 3320 168·
182 3287 348 3371 precepit.
385 3286 419 3348 N
421 3308 475 3351 am
498 3290 650 3370 regem0,
674 3290 834 3371 presente
858 3287 1076 3369 imperatrice
1099 3288 1135 3349 et
1150 3286 1301 3363 vidente,

181 3395 343 3440 coronam
367 3375 473 3440 clavis
502 3375 624 3440 ferreis
652 3376 760 3460 capiti
789 3376 863 3439 eius
893 3374 990 3456 affigi
1020 3375 1120 3437 iussit
1150 3378 1186 3438 et
1216 3373 1303 3438 alios

181 3528 204 3581 a)
217 3529 248 3568 ito
262 3529 366 3568 Bochmcr
379 3533 398 3568 st
412 3530 523 3569 ermnns.
578 3529 602 3581 b)
616 3529 691 3581 Sycsse
704 3541 722 3569 c.
777 3530 798 3581 c)
813 3541 827 3578 g
840 3540 867 3568 cs
882 3539 939 3569 corr.
994 3523 1018 3580 d)
1032 3529 1081 3568 loce
1094 3540 1113 3568 c.
1168 3529 1189 3577 c)
1205 3528 1235 3567 ita
1250 3539 1269 3567 c.

182 3637 209 3703 1)
236 3635 430 3700 Francofurti,
458 3650 529 3687 anno
555 3636 633 3691 1196.
658 3640 774 3691 aenan.
864 3638 892 3703 2)
919 3634 964 3698 Of.
984 3651 1015 3701 p.
1035 3636 1078 3692 66.
1167 3633 1197 3703 3)
1221 3634 1304 3688 Hanc

136 3718 164 3760 se
181 3708 389 3759 coniurationem
408 3722 493 3758 nnnsc
504 3705 581 3757 Μοιίο
598 3713 720 3759 exortam
738 3722 791 3760 csse
804 3711 866 3774 post
877 3705 1159 3770 Scheffer-Boichorst
1176 3713 1201 3758 et
1214 3704 1304 3758 onen-

180 3778 254 3845 dorf,
273 3777 333 3830 ‘Die
342 3778 496 3843 Rapiennnq
511 3777 560 3828 dn·
575 3777 668 3830 lstztcn
684 3777 773 3830 beiden
785 3777 1068 3843 Nnnnannenlconiqc’
1080 3795 1109 3845 p.
1128 3778 1170 3831 64.
1190 3777 1304 3829 ostendit

182 3848 262 3914 Coro,
287 3848 347 3901 ‘Dio
371 3847 557 3913 Beztehunpen
582 3849 727 3900 Heinrichs
751 3848 798 3902 VI.
825 3863 879 3899 zur
902 3849 1054 3900 romischcn
1078 3848 1180 3901 Kuric'
1202 3865 1231 3914 p.
1257 3849 1303 3904 55.

180 3921 209 3985 4)
224 3918 326 3972 Scilicet
338 3935 424 3987 popo,
437 3933 491 3970 non
504 3917 668 3984 Constantio,
680 3925 710 3970 nt
723 3919 828 3984 Toccts,
846 3919 988 3970 ιΗοοόοο·οό1ο
1003 3919 1059 3975 VI!
1071 3937 1101 3987 p.
1113 3921 1175 3974 453.
1192 3921 1303 3976 censuit.

182 3989 356 4043 watinum
373 3991 571 4042 coniurationis
588 3991 721 4042 conscium
738 4005 793 4042 non
816 3992 901 4056 fuisse
922 3990 1091 4059 minnan,
1110 3989 1231 4043 ‘Studien
1248 4006 1303 4043 zur

135 4073 164 4114 ιο
182 4059 334 4113 θοοοιιιοιιίο
357 4061 443 4127 Papst
469 4060 611 4113 meudina
634 4061 699 4116 III!
721 4078 750 4128 p.
773 4062 816 4117 60.
841 4076 896 4113 non
915 4061 1073 4127 probavisse
1096 4062 1166 4113 mihi
1188 4063 1303 4118 videtur.

181 4131 210 4200 5)
230 4131 386 4198 Ryccosdus
403 4133 434 4184 dc
451 4131 549 4183 Sancto
568 4131 704 4184 Germano
722 4133 759 4184 ad
783 4148 809 4186 a
829 4132 898 4185 1197
917 4132 979 4195 (SS
999 4132 1081 4199 XIX,
1102 4134 1219 4199 12329)
1244 4147 1304 4185 eum

183 4201 356 4254 Gnilislmum
364 4201 537 4267 Monachum,
548 4204 724 4255 castellanum
734 4202 825 4256 Castrs
835 4201 977 4269 Iohannis,
990 4205 1118 4258 nominat
1183 4203 1209 4272 6)
1223 4202 1306 4255 Mar·

180 4272 304 4340 qnnrdns
321 4272 367 4325 ille
384 4274 415 4325 dc
433 4239 574 4326 Anweder
607 4275 646 4327 W.
728 4275 756 4341 7)
783 4274 824 4324 Dc
841 4272 988 4326 Kalendis.
1068 4273 1096 4343 8)
1123 4274 1166 4338 Of.
1184 4275 1306 4326 Arnoldc’

180 4289 334 4480 ἒῶθνοιονῖιοοο
348 4343 418 4474 gos.
431 4345 466 4398 26
484 4340 548 4410 (SS.
567 4343 649 4411 XXI,
664 4361 694 4411 p
707 4347 773 4409 283)
790 4350 815 4395 ct
833 4343 993 4396 Ansdntnm
1012 4345 1120 4410 (Fontes
1138 4359 1192 4399 ruer
1205 4345 1303 4400 Auser.

134 4429 163 4469 4ο
299 4430 330 4480 p
1232 4471 1235 4477 .
