2970 4950
527 447 708 504 ANNALES
725 447 1014 506 MARBAOttusas
1293 456 1328 509 99

213 633 251 696 in
274 653 335 697 suo
348 633 520 697 'districtu
543 633 681 696 iniustis
705 635 740 696 et
763 631 865 696 variis
889 633 1124 698 exactionibus
1141 634 1326 718 plurimum
1338 639 1418 711 (1237
1425 641 1447 712 t)

212 725 369 786 vexasset
393 726 429 787 et
443 722 614 786 infinitam
631 720 811 804 pecuniam
828 721 871 785 ab
888 721 1195 788 eis'ooacervasset.
1226 724 1326 788 Unde

212 814 285 873 tam
308 811 381 894 ipse
404 811 591 894 imperator
614 831 716 893 quam
739 809 831 872 filius
854 809 936 874 rear1
965 811 1039 894 ipso
1069 816 1223 894 tempore
1252 813 1326 877 fere

214 900 257 963 ad
281 898 367 962 XVI
389 899 486 962 milia
509 920 700 963 marcarum
723 898 766 961 ab
791 918 830 961 eo
855 901 1106 963 extorserunta

181 1013 194 1053 s
320 988 401 1072 Ipso
425 1009 515 1052 anno
538 990 633 1052 facta
657 991 709 1052 est
732 986 972 1051 habundantia
994 989 1065 1051 vini
1088 989 1245 1065 maxima,
1276 989 1414 1052 1ta1236

213 1077 304 1158 quod
334 1097 394 1140 vas
423 1099 531 1140 unum
554 1077 616 1140 XL
647 1075 785 1159 capiens
815 1095 908 1138 amas
936 1097 1082 1140 vacuum
1114 1058 1327 1142 vendebatur

213 1186 274 1249 pro
297 1165 366 1228 XX
388 1166 506 1230 unceis
530 1169 565 1229 et
588 1164 745 1248 quartale
767 1165 839 1228 vini
862 1185 923 1248 pro
948 1166 1098 1230 denario

321 1255 419 1319 Anno
443 1253 725 1319 MOOXXXVII.
779 1253 972 1337 Imperator
1001 1256 1177 1338 profectus
1207 1256 1325 1320 estin
1337 1263 1413 1317 1237.

211 1343 398 1406 Austriam.
446 1342 511 1407 eui
534 1342 775 1406 ministeriales
805 1343 901 1405 ducis
933 1342 974 1407 de
1005 1345 1158 1408 marchia
1181 1343 1325 1408 Stirensi

168 1456 194 1494 ιο
212 1452 247 1495 se
278 1432 497 1496 tradiderunt
507 1432 527 1495 ².
574 1432 662 1495 inde
684 1431 780 1495 venit
807 1431 851 1494 ad
875 1432 1049 1496 civitatem
1077 1432 1207 1509 Wiene‚
1238 1454 1406 1515 quaeras.)

212 1520 370 1584 similiter
392 1521 499 1605 ipsius
523 1521 673 1585 dominio
697 1540 732 1584 se
756 1519 912 1583 subiecit.

317 1609 387 1672 Ubi
410 1610 513 1673 etiam
532 1608 752 1674 Ohdnradum
777 1608 888 1671 filium
911 1628 1010 1672 suum
1034 1610 1076 1673 de
1098 1631 1203 1675 uxore
1218 1614 1325 1674 trans·

211 1698 365 1760 marina3
387 1699 543 1781 genitum
568 1698 650 1780 eligi
672 1697 757 1760 iecit
780 1698 818 1759 in
836 1697 982 1779 regem⁴.
1019 1696 1129 1775 Quem
1146 1699 1417 1781 elegeruntraar.)

211 1787 459 1870 archiepiscopi
474 1785 723 1868 Moguntinus⁵
739 1789 773 1849 et
789 1785 1024 1850 Treverensis6
1040 1790 1075 1851 et
1090 1808 1150 1851 rex
1166 1788 1326 1853 Boemie⁷

166 1896 192 1936 15
211 1879 246 1938 et
267 1876 336 1938 dux
352 1876 515 1952 Bawarie
541 1875 599 1958 qui
624 1878 659 1939 et
682 1875 855 1958 palatinus
880 1895 991 1939 comes
1013 1875 1159 1952 Rheniss,
1187 1897 1324 1941 consen·

209 1964 379 2027 tientibus
402 1964 525 2029 ceteris
548 1963 769 2047 principibus,
794 1964 853 2046 qui
876 1965 1029 2038 aderant,
1054 1967 1170 2028 tamen
1194 1967 1322 2047 paucis.

210 2053 256 2115 ut
278 2052 399 2116 relicto
423 2053 473 2116 ibi
496 2053 644 2136 presidio
675 2053 824 2115 militum
853 2053 958 2116 rediit
988 2053 1032 2116 ad
1062 2055 1176 2135 partes
1199 2054 1322 2116 Rheni.

210 2141 344 2206 Deinde
367 2143 500 2206 remisit
523 2142 760 2205 Eberhardnm
786 2142 827 2205 de
852 2141 1032 2205 Eberstein
1056 2162 1134 2204 cum
1159 2140 1214 2205 00
1238 2142 1323 2205 mili·

209 2230 303 2293 tibus
342 2231 386 2294 ad
424 2231 683 2295 custodiendam
723 2230 898 2294 civitatem
933 2230 1087 2294 Wiene9.
1150 2231 1194 2294 Et
1233 2231 1323 2294 circa

165 2341 191 2380 20
210 2322 438 2402 autumpnum
461 2340 615 2384 reversus
640 2319 751 2384 estin
774 2317 1064 2383 Lombardiam10.
1333 2335 1410 2384 (sat)

317 2407 416 2472 Circa
445 2409 573 2472 festum
604 2408 698 2472 beati
721 2409 879 2472 Andreae
909 2408 1097 2490 imperator
1124 2407 1454 2472 conflictantium.

210 2496 333 2560 habuit
368 2518 446 2560 cum
480 2496 812 2574 Mediolanensibus,
849 2497 891 2560 de
926 2497 1049 2579 quibus
1084 2497 1321 2580 triumphavit,

208 2585 365 2667 plurimis
396 2587 438 2649 de
469 2589 567 2669 parte
596 2586 735 2649 illorum
770 2586 969 2669 captivatis,
1003 2586 1096 2649 inter
1130 2606 1213 2668 quos
1248 2591 1322 2650 erat

179 2677 181 2682 ’
208 2674 300 2736 filius
331 2675 427 2738 ducis
450 2674 616 2738 Venetiae
627 2673 662 2748 Π,
697 2675 815 2737 multis
839 2675 943 2739 etiam
972 2677 1012 2738 ex
1043 2677 1141 2757 parte
1165 2695 1226 2738 sua
1249 2697 1322 2758 pro-

163 2783 190 2823 25
208 2763 326 2826 stratis
336 2762 372 2824 ¹2.
430 2763 513 2827 Post
544 2763 723 2835 victoriam
758 2762 903 2826 tradidit
937 2783 973 2828 se
1003 2763 1124 2827 Lauda
1154 2764 1274 2828 civitas
1285 2763 1320 2842 1³,

208 2872 309 2933 quam
335 2852 482 2915 munivit
504 2852 588 2915 forti
611 2852 760 2934 presidio
783 2852 943 2929 militum,
969 2853 1059 2915 sicut
1082 2853 1246 2935 oportuit.

315 2940 359 3003 Et
382 2943 475 3015 nota,
501 2942 592 3023 quod
616 2943 696 3004 ante
721 2945 950 3024 autumpnum
972 2941 1079 3023 ipsius
1104 2942 1185 3004 anni
1200 2944 1320 3005 vende·

208 3027 310 3091 batur
334 3029 489 3111 quartale
512 3030 584 3093 vini
607 3050 668 3112 pro
684 3028 770 3092 XVI
787 3029 945 3106 denariis,
970 3030 1067 3093 cuius
1087 3033 1187 3092 tanta
1205 3030 1320 3093 fuerat

207 3117 446 3181 habundantia
468 3119 504 3181 in
528 3139 618 3182 anno
641 3118 756 3201 priori.

161 3295 188 3334 30
207 3290 228 3340 a)
247 3294 314 3328 totam
334 3291 389 3328 hanc
410 3293 557 3330 narrationem
577 3292 603 3329 rie
622 3291 744 3339 captivitate
762 3291 873 3338 Wulseiini
897 3291 979 3330 sculteti
997 3289 1157 3329 Gontinactioni
1175 3287 1321 3338 Neoturyensi

207 3347 270 3380 antea
283 3344 376 3390 defuisse
390 3348 409 3382 et
420 3349 497 3392 postea
510 3345 595 3382 demum
608 3356 623 3382 a
636 3345 728 3382 librario
738 3344 884 3392 Neoburyensi
897 3345 994 3383 additam
1007 3354 1058 3393 esse,
1072 3344 1126 3381 satis
1139 3344 1254 3381 verisimile
1266 3343 1320 3381 mihi

207 3397 290 3434 videtin
295 3409 303 3442 ;
317 3396 345 3444 cf.
360 3399 534 3436 commentarium
547 3407 623 3440 meum.

206 3521 346 3585 rnaiical,
366 3537 395 3587 p
415 3523 489 3586 381),
508 3535 563 3572 non
581 3526 659 3571 antea
677 3522 810 3588 deposita
826 3536 881 3573 esse
898 3523 1009 3572 cidara
1046 3521 1162 3587 Deipso
1179 3521 1215 3584 cf
1235 3520 1319 3585 Niese,

208 3592 389 3655 ‘Vernaltnnp
404 3593 448 3643 des
462 3591 630 3656 Reichspnts’
639 3608 669 3658 p.
684 3594 735 3647 145
743 3608 807 3659 sqq
824 3599 848 3644 et
864 3593 892 3647 J.
906 3593 1013 3659 Becker,
1032 3592 1092 3643 ‘Die
1106 3591 1255 3643 Geschicbte
1271 3592 1319 3642 der

160 3673 187 3714 ³5
205 3658 313 3713 Reichsi
314 3665 480 3729 andrcptei
468 3680 505 3714 ern
523 3662 632 3714 Eleass'
649 3664 775 3729 p.2sqq.
831 3664 857 3727 l)
879 3663 1027 3718 Corradus.
1081 3664 1110 3727 2)
1132 3663 1172 3727 Cf.
1192 3663 1319 3714 Bihmer-

204 3732 303 3783 Ficker
324 3750 368 3786 nr.
387 3736 465 3788 2244.
501 3735 624 3786 Dneatns
647 3733 785 3784 Stiriae
773 3750 803 3784 cn
829 3737 965 3786 nativitate
989 3736 1121 3786 minna
1148 3735 1216 3784 anni
1241 3735 1317 3788 1236.

204 3805 364 3871 imperatori
380 3821 407 3856 se
428 3805 578 3859 subiecerat.
651 3803 680 3874 3)
698 3805 788 3856 Mater
806 3812 864 3856 erat
882 3804 1000 3856 Isabeila
1018 3806 1078 3870 filia
1096 3807 1168 3870 repis
1186 3804 1319 3856 Iohannis

204 3873 458 3940 Hiaosolymitani;
476 3876 512 3940 cf.
530 3891 618 3944 snpra
633 3892 663 3941 p.
682 3878 726 3931 89.
797 3877 825 3941 4)
846 3877 936 3927 Mense
953 3876 1104 3928 Februario
1110 3893 1119 3936 ,·
1137 3875 1173 3939 cf.
1192 3875 1318 3927 Bibmer-
1368 3882 1369 3886 ’

204 3945 303 3997 Fictor
327 3963 369 4000 nr.
389 3949 468 4002 4386.
500 3948 539 4005 W.
583 3948 623 3999 De
647 3948 766 3998 electione
791 3948 828 4009 cf.
852 3962 919 4013 qaae
940 3947 1055 4013 Seeiiper
1078 3950 1108 3998 in
1134 3946 1247 4000 ‘Mitteii
1273 3947 1318 3998 des

159 4030 187 4069 40
204 4017 270 4070 tna.
290 4018 311 4080 f.
331 4018 481 4071 isterreich.
503 4017 601 4072 earn)
620 4017 701 4081 XVI,
723 4034 753 4084 p.
772 4019 874 4083 888qq.
894 4020 952 4082 epit.
1034 4018 1061 4086 5)
1087 4018 1239 4083 Sipcfridus
1262 4016 1317 4071 III.

205 4089 236 4138 de
260 4088 429 4156 Eppenster'n.
466 4088 506 4144 W.
599 4091 626 4155 6)
659 4089 841 4141 Theoderiars.
877 4088 919 4143 W.
1010 4091 1037 4155 7)
1063 4089 1240 4142 Weneeslaas.
1277 4088 1316 4142 W.

204 4158 234 4225 8)
254 4157 312 4210 Otto
326 4159 365 4214 ΙΙ.
391 4160 431 4214 W.
510 4162 538 4226 9)
559 4157 648 4212 Mense
666 4161 739 4212 latio
756 4159 933 4210 Eberhardas
954 4162 1046 4212 cariae
1068 4161 1205 4226 imperiali
1221 4159 1318 4226 Spirae

205 4230 318 4292 aderam
338 4233 371 4295 cf.
390 4230 629 4282 Bonna-Fata
650 4247 694 4284 nr.
713 4233 791 4285 2260.
812 4231 930 4285 11211a.
1005 4233 1048 4294 10)
1065 4231 1156 4282 Mense
1174 4229 1319 4296 Septembri

204 4301 317 4352 Italiam
329 4303 449 4355 intrarit.
498 4301 543 4371 11)
556 4302 652 4354 Petras
665 4301 801 4368 Tarpeias
811 4306 929 4367 potestas
940 4300 1092 4355 liediolani.
1143 4300 1187 4370 12)
1200 4303 1318 4353 Victoria

159 4384 186 4425 tt
204 4372 278 4437 apad
291 4373 517 4423 Curiam-noram
529 4374 572 4425 die
582 4376 625 4427 27.
638 4372 794 4425 Novembris
806 4379 945 4440 reportata
957 4372 1000 4423 iric
1012 4373 1155 4426 indicatur.
1211 4371 1254 4440 13)
1267 4371 1318 4423 Die

205 4445 247 4498 12.
266 4444 423 4499 Decembris.

1105 4548 1138 4604 7*
