2970 4950
587 470 815 530 Pssnsfflo.
1203 471 1279 558 xv·

145 651 299 735 ouaebibet
307 653 327 733 1,
351 673 431 734 quae
454 673 492 717 en
507 659 603 734 parte
626 675 695 719 oum
717 652 844 719 scholiis
871 654 992 719 Ottonis
1012 653 1166 720 Obronici
1189 675 1258 720 con·

143 742 293 822 9666664,
318 741 523 823 ariscripsisse
545 741 721 806 uidentur3.

251 829 398 912 Denique
420 836 547 912 uterque
569 830 683 911 scriba,
707 851 783 912 quos
806 831 919 896 litteris
934 831 965 894 A
990 838 1019 896 et
1032 830 1066 895 B
1088 831 1257 914 insipnitos

145 918 362 999 discernimus,
384 925 514 1000 utroque
542 917 701 984 Obrone'co
732 941 795 985 uno
818 920 973 984 ooiumine
996 919 1159 985 coniuncto
1181 941 1258 1001 epus

114 1028 236 1071 ssuum
258 1007 399 1072 absoluit.
446 1008 628 1072 Monachus
642 1008 684 1089 A,
708 1028 768 1089 quo
790 1010 867 1074 duce
890 1010 979 1073 labor
1001 1016 1158 1090 susceptus
1181 1010 1257 1089 est4,

149 1095 271 1161 Ottonis
293 1095 427 1161 codicem
449 1095 497 1160 itu
519 1096 770 1178 transformarit,
793 1104 829 1162 ut
850 1097 965 1162 bibrum
980 1096 1083 1178 VIII,
1107 1118 1166 1179 quo
1184 1104 1258 1163 tunc

144 1204 241 1265 usque
264 1186 398 1265 carebat,
422 1184 452 1248 ei
474 1184 660 1266 adiunperet
681 1191 773 1267 atqcue
794 1185 976 1267 Cataiopum
990 1205 1098 1268 repum
1117 1192 1145 1250 et
1153 1186 1257 1267 ponti·

144 1274 239 1352 ficum
255 1295 276 1338 a
290 1272 372 1338 bibra
387 1272 467 1338 VII.
487 1274 532 1339 od
545 1280 713 1338 entremam
723 1280 849 1356 partem
864 1282 1082 1356 transponeret
1090 1275 1110 1355 ⁵,
1135 1274 1256 1356 deinde,

139 1361 255 1442 paucis
283 1361 386 1426 uerbis
417 1362 510 1444 quasi
537 1363 581 1425 ad
602 1362 683 1442 facti
712 1363 763 1426 sui
785 1363 940 1428 rationem
956 1364 1181 1444 probandam6
1204 1365 1257 1428 ad·

103 1480 127 1518 10
145 1449 230 1530 ditis,
259 1449 429 1515 (ironicam
451 1451 943 1535 Habenburpo·Ncoburpensem
964 1451 1002 1516 in
1024 1453 1155 1516 eundem
1177 1451 1257 1517 codi-

145 1559 208 1603 cem
230 1538 487 1620 transscriberet,·
508 1539 680 1621 enernpbari
702 1541 850 1622 usquein
864 1541 1000 1605 medium
1022 1547 1257 1605 nnnurn1208.

140 1629 319 1708 perducto⁷,
351 1627 457 1693 scriba
478 1627 512 1692 B
540 1628 577 1693 in
607 1628 706 1694 iocum
733 1628 811 1694 socii
832 1629 979 1694 successit
1000 1635 1030 1693 ct
1051 1630 1188 1694 laborem
1210 1629 1257 1694 in-

145 1722 263 1797 teprum
286 1716 427 1782 absoluit.
477 1717 656 1798 Quomodo
682 1719 785 1798 cadere,
816 1718 872 1799 qui
893 1717 985 1782 bodie
1014 1718 1051 1782 in
1074 1717 1257 1784 bibliotheca

144 1805 275 1870 Ienensi
305 1805 477 1889 pretiosum
516 1805 586 1870 aeri
621 1805 747 1871 Suebici
780 1813 809 1870 et
842 1806 988 1872 Aisatiae
1024 1813 1257 1872 monumentum

102 1921 127 1961 15
144 1901 335 1975 asservatur,
359 1893 396 1958 in
419 1896 558 1976 riparum
581 1901 610 1959 et
630 1894 768 1974 formam
791 1916 882 1960 suam
904 1897 1050 1960 reductus
1073 1901 1126 1960 est.

250 1982 294 2047 In
321 1982 458 2048 Oronica
487 1982 729 2048 transcribenda
758 1990 886 2065 uterque
915 1983 1086 2052 monacbus
1114 2004 1194 2065 quae
1220 1983 1257 2048 in

143 2070 288 2152 mnrpinc
311 2071 509 2153 aectoprapbi,
537 2071 603 2135 nisi
625 2072 733 2153 faibor,
751 2073 874 2153 partim
898 2074 937 2137 ab
961 2071 1044 2152 aliis,
1068 2072 1192 2153 partim
1216 2074 1256 2137 ab

144 2158 232 2240 ipsis,
256 2159 366 2224 addita
388 2166 480 2225 erant
502 2160 599 2225 tentui
620 2159 785 2240 inseruit⁸,
817 2160 885 2225 abiu
914 2182 970 2225 nec
991 2163 1170 2241 spernenda
1192 2160 1257 2241 ipsi

145 2247 326 2313 adiecerunt
334 2250 354 2312 ⁹.
401 2249 473 2313 Hoc
495 2248 667 2330 praecipue
696 2248 742 2313 eis
771 2252 927 2331 apendum
956 2255 1033 2329 erat,
1063 2255 1098 2313 ut
1124 2250 1256 2315 laminas

99 2442 125 2480 eo
251 2422 278 2490 1)
301 2424 334 2474 Ut
351 2440 376 2477 a.
389 2425 451 2489 801,
466 2440 495 2489 p.
508 2425 533 2478 8.
552 2425 583 2474 de
600 2424 705 2474 duabus
717 2423 885 2475 unctionibus
897 2424 1017 2487 Karoii,·
1036 2440 1061 2477 a.
1076 2425 1153 2488 1199,
1169 2440 1198 2490 p.
1212 2425 1254 2478 75.

143 2494 173 2544 de
191 2494 323 2546 miraculo
341 2494 441 2546 bestiae
458 2496 488 2545 in
505 2510 596 2546 ueram
614 2510 720 2546 carnem
745 2500 918 2546 commutatae
945 2495 992 2559 (cf.
1011 2509 1099 2548 comm.
1124 2512 1153 2560 p.
1174 2497 1256 2561 103),-

145 2580 169 2618 a.
184 2566 261 2630 1220,
280 2581 306 2631 p.
319 2567 363 2620 88.
382 2565 413 2616 de
426 2567 538 2632 prediis
549 2566 685 2617 Friderici
702 2581 761 2616 cum
778 2565 920 2617 Saracenis
938 2568 1081 2618 commissis
1099 2568 1144 2630 (cf.
1163 2565 1256 2626 ibid.);

144 2651 168 2689 a.
177 2637 255 2701 1229,
260 2653 290 2702 p.
299 2637 341 2690 93.
351 2636 438 2702 onoc,
451 2637 546 2703 quibus
558 2637 636 2688 lector
646 2639 683 2687 ad
691 2639 846 2688 vaticinium
856 2653 880 2691 a.
891 2640 967 2692 1185.
977 2643 1123 2690 revocatur.
1168 2638 1196 2703 2)
1212 2637 1254 2700 Cf.

143 2721 234 2761 comni.
248 2725 277 2774 p.
298 2709 349 2760 112
357 2723 414 2773 sqq.
433 2713 455 2758 et
473 2709 550 2770 infra
569 2709 605 2758 od
623 2724 648 2762 a.
668 2710 727 2762 668.
747 2709 778 2760 de
796 2709 928 2760 obsidione
946 2709 1256 2774 Constantinopolitana;

100 2794 125 2834 25
145 2793 169 2831 a.
188 2779 250 2832 801.
269 2778 299 2828 de
317 2778 491 2830 transbetimre
508 2781 617 2846 imperii
621 2796 630 2838 ,·
655 2795 680 2832 6.
699 2780 759 2833 964.
786 2780 817 2830 de
842 2781 942 2843 defectu
960 2796 1052 2831 rernm
1070 2779 1255 2830 Romanarum

143 2856 166 2899 et
184 2849 215 2900 de
232 2854 304 2900 statu
322 2851 432 2914 imperii
449 2849 737 2916 Constantinopolitaui
753 2858 790 2915 (p.
811 2853 854 2916 24,
873 2853 891 2905 i.
910 2853 1030 2916 34-373
1049 2851 1112 2901 traca
1129 2851 1208 2913 infra
1226 2853 1256 2901 in

143 2920 254 2971 editione
272 2936 331 2970 mea
342 2921 414 2983 falso
427 2922 483 2971 inm
494 2937 548 2973 non
558 2921 775 2972 Additamentum
786 2921 969 2986 Neoburpense
980 2923 1106 2986 indicavi,
1118 2923 1150 2985 cf.
1164 2936 1254 2974 comm.

139 3007 168 3056 p.
184 2992 243 3056 115,
263 3007 290 3044 n.
309 2995 339 3050 3)
346 3008 354 3051 ,·
372 2990 406 3045 ib.
422 3007 451 3057 p.
471 2994 514 3056 25,
534 2992 550 3046 l.
569 2994 593 3045 9.
614 2993 644 3042 de
661 2992 825 3055 Theoderico,
844 2992 860 3045 l.
873 2994 916 3046 32.
936 2993 967 3043 de
984 2993 1161 3044 dominatione
1179 2992 1255 3042 urbis

143 3061 261 3123 Romae,·
280 3077 304 3116 u.
326 3064 402 3124 1024,
419 3080 448 3129 p.
466 3064 509 3127 28,
528 3063 545 3116 l.
566 3065 607 3116 11.
626 3068 649 3113 et
667 3079 693 3116 n.
713 3066 737 3116 2.
762 3064 793 3114 de
813 3065 966 3129 oirpinitate
985 3063 1163 3128 Kunepundis
1179 3063 1255 3127 (baec

100 3149 126 3189 so
143 3146 242 3199 quoque
268 3149 308 3184 me
334 3148 400 3200 opus
426 3135 497 3198 typis
519 3135 664 3185 tradentem
688 3139 754 3185 recte
771 3138 827 3184 iam
844 3149 898 3186 non
914 3136 1081 3201 perspexisse
1104 3134 1193 3195 dotem·
1219 3135 1254 3197 cf.

143 3217 232 3257 comm.
256 3221 283 3271 p.
304 3206 363 3270 115,
388 3220 415 3258 n.
433 3207 472 3261 4).
551 3204 577 3273 3)
597 3205 794 3270 Neoburpenses
810 3208 918 3270 saepius
935 3221 1015 3270 quam
1033 3204 1112 3268 infru
1130 3204 1258 3255 adnotavi

142 3275 240 3338 stpium
264 3291 342 3326 suum
367 3276 403 3326 ad
423 3279 568 3327 orationem
585 3279 736 3342 scripturae
753 3291 848 3327 sacrae
865 3279 1020 3327 conuertisse
1040 3276 1073 3327 A.
1092 3273 1255 3338 Hofmeister

143 3359 182 3394 nic
200 3347 294 3399 docuit.
332 3345 405 3408 Quae
423 3362 481 3398 cum
499 3349 538 3397 ita
556 3349 618 3411 sint,
638 3349 729 3399 omnia
754 3348 809 3397 ioco
835 3347 878 3397 bic
894 3347 1041 3411 cotiipendu
1058 3360 1111 3397 esse
1129 3346 1253 3398 iudicari.

144 3415 184 3479 Cf.
204 3417 284 3480 infra
297 3433 328 3482 p.
347 3420 390 3483 39,
412 3419 428 3472 l.
442 3421 489 3472 31:
511 3422 534 3472 1.
548 3418 636 3471 Moab.
656 3419 681 3482 9,
701 3420 751 3483 663
773 3436 801 3484 p.
816 3419 859 3482 79,
878 3418 940 3471 ir:
960 3417 1022 3469 Ince.
1044 3419 1085 3480 10,
1099 3418 1148 3482 42;
1168 3417 1185 3469 i.
1205 3418 1253 3471 29:

102 3504 126 3543 so
144 3486 187 3540 Ps.
201 3490 244 3552 78,
257 3490 282 3541 4.
308 3494 331 3539 et
348 3489 385 3542 Is.
404 3491 448 3554 42,
460 3491 510 3554 223
532 3505 561 3554 p.
580 3490 624 3551 82,
644 3489 661 3540 i.
680 3490 730 3542 34:
751 3491 774 3542 1.
791 3488 879 3540 Ibess.
898 3491 923 3550 3,
937 3490 961 3542 5.
987 3492 1010 3537 et
1030 3489 1053 3540 1.
1068 3486 1127 3540 Car.
1148 3490 1190 3552 15,
1205 3489 1254 3554 583

140 3574 169 3623 p.
181 3560 225 3623 86,
245 3559 261 3612 l.
275 3561 323 3613 24:
345 3560 420 3613 Cant.
440 3563 464 3624 2,
488 3561 528 3614 16.
548 3565 571 3610 et
588 3559 646 3612 Iob.
661 3560 702 3623 15,
717 3561 785 3625 1.2;
800 3575 830 3624 p.
844 3561 886 3623 93,
908 3559 925 3611 t.
938 3559 987 3612 28:
1006 3557 1051 3610 Ps.
1066 3560 1154 3624 13,4;
1174 3558 1190 3612 l.
1204 3561 1254 3612 31:

143 3629 217 3679 Rutb
229 3633 254 3696 3,
268 3631 300 3696 2;
317 3648 344 3697 p.
357 3632 400 3696 97,
420 3631 438 3686 i.
452 3632 497 3685 10:
516 3630 592 3683 Rom.
605 3632 630 3693 2,
645 3632 669 3684 5.
741 3629 769 3698 4)
785 3629 826 3692 Of.
840 3644 930 3682 comm.
946 3645 975 3694 p.
990 3630 1048 3683 116.
1076 3628 1181 3680 Tabula
1192 3629 1255 3679 hnic

144 3699 227 3752 libello
249 3701 344 3753 addita
361 3703 512 3768 scripturae
530 3703 657 3767 specimen
674 3701 758 3764 offert.
795 3700 966 3765 Mouncbum,
986 3701 1061 3750 cuius
1084 3716 1168 3750 manu
1192 3699 1254 3751 baec

142 3773 244 3837 scripta
256 3778 326 3837 sunt,
339 3773 460 3824 tabulam
472 3772 520 3823 sub
532 3774 637 3824 nomine
646 3771 812 3826 Fridericil.
827 3774 890 3838 imp.
903 3772 1064 3823 monasterio
1076 3770 1257 3836 Neoburpensi

98 3859 125 3897 40
142 3841 236 3892 datam
248 3844 372 3909 (Stampf
381 3861 424 3897 nr.
437 3846 522 3910 4480)
540 3845 678 3909 scripsisse
695 3847 785 3894 censui
790 3861 799 3902 ,·
817 3845 850 3908 cf.
864 3858 953 3897 comm.
971 3861 998 3910 p.
1012 3844 1055 3898 56.
1109 3842 1137 3908 5)
1152 3843 1192 3893 De
1204 3841 1255 3893 bac

143 3915 383 3977 transformatione
406 3916 501 3967 codicis
521 3914 622 3966 Ottonis
638 3916 723 3982 plura
748 3918 777 3965 in
791 3918 886 3980 primu
905 3915 1088 3966 commentarii
1104 3914 1254 3981 Appendicc

138 4001 168 4050 p.
181 3987 293 4052 193sqq.
305 3987 428 4040 disserui.
484 3987 510 4047 6)
527 3986 568 4049 ΟΥ.
582 3986 662 4049 infru
673 4003 700 4052 p.
716 3987 738 4038 1.
793 3985 819 4053 7)
835 3984 1151 4048 Quaratimeadductus
1162 3987 1206 4049 sit,
1224 3990 1254 4034 ut

143 4054 186 4105 bic
198 4070 263 4122 opus
274 4059 463 4122 intermitteret,
473 4072 527 4123 pro
539 4063 607 4108 certo
616 4071 765 4121 capnoscere
777 4056 853 4108 nobis
861 4072 914 4108 non
922 4057 995 4118 iicet,·
1007 4058 1041 4119 cf.
1055 4071 1143 4109 comm.
1152 4072 1181 4121 p.
1194 4057 1253 4118 118,

142 4141 169 4179 n.
183 4128 208 4180 6.
225 4132 248 4177 et
262 4142 292 4192 p.
306 4129 366 4193 140,
378 4143 404 4180 n.
418 4131 443 4181 3.
497 4129 525 4195 8)
538 4128 584 4178 Itu
596 4133 618 4177 et
631 4143 696 4193 quae
708 4142 780 4177 nunc
792 4129 870 4192 infra
884 4129 920 4178 ad
932 4144 957 4181 6.
971 4129 1030 4182 668.
1043 4129 1103 4182 801.
1116 4128 1176 4180 904.
1196 4141 1253 4176 cnm

99 4195 248 4251 cessionis
266 4197 353 4249 Ottoni
370 4198 541 4263 Frisinpensi
557 4199 664 4249 adiectis
682 4202 843 4249 consentiunt
862 4204 884 4249 et
903 4214 1014 4263 errores,
1033 4197 1128 4264 quibus
1145 4198 1253 4247 initium

112 4287 114 4292 ⁸
143 4269 248 4320 ordinis
266 4269 445 4321 &isterciensis
469 4269 540 4331 saiso
565 4270 601 4319 nd
626 4285 651 4322 a.
672 4271 748 4323 1099.
768 4269 933 4334 adscriptum
951 4270 991 4320 cci
1008 4271 1168 4320 consecratio
1186 4268 1253 4318 Neo-

142 4338 281 4403 burpensis
298 4354 351 4391 ncn
371 4340 430 4391 bene
454 4342 556 4390 inserta
581 4342 616 4390 sit
641 4340 687 4405 (cf.
706 4354 795 4393 comm.
818 4357 847 4406 p.
867 4342 900 4394 66
913 4343 972 4406 sp),
997 4340 1076 4402 focile
1100 4338 1251 4405 explicabis.

142 4408 234 4461 Etiam
261 4412 389 4478 quomodo
415 4414 516 4475 fuctum
540 4412 584 4475 sit,
609 4418 639 4462 ut
661 4413 803 4461 sententiae
829 4414 858 4461 in
885 4411 936 4474 fine
962 4426 986 4463 a.
1008 4412 1084 4464 1218.
1109 4425 1161 4467 uon
1185 4415 1251 4459 recte

142 4481 359 4547 distipuercntur,
386 4482 421 4546 cf.
440 4482 522 4544 infra
542 4498 572 4548 p.
590 4484 634 4546 88,
659 4497 686 4534 n.
705 4480 723 4532 b
741 4485 764 4530 ct
782 4494 871 4534 comen.
894 4499 922 4547 p.
942 4482 984 4535 97,
1005 4483 1064 4545 139,
1087 4481 1143 4530 iam
1161 4479 1252 4529 metius

98 4567 124 4606 50
142 4552 277 4618 intelbipes.
350 4555 377 4618 9)
402 4554 435 4604 Ut
451 4569 539 4619 pauca
556 4552 636 4604 uerbo
654 4552 690 4601 ad
709 4567 733 4604 a.
753 4553 829 4605 1099.
848 4553 879 4602 dc
897 4551 975 4602 rebus
993 4553 1022 4601 in
1039 4551 1130 4617 prima
1147 4550 1255 4612 cupedi-
